2118 3840
167 3095 169 3097 .
254 3047 561 3109 verecunde,

262 270 365 340 156

702 267 793 323 ·C.
865 266 1065 324 SILII
1133 264 1464 323 ITALLCI

254 422 505 495 Namque
526 429 583 472 ut
607 407 899 495 serpentem
918 456 934 480 ‚
966 400 1249 495 patriasque
1281 415 1550 476 exhorruit
1570 417 1691 492 iras,⁴

257 500 560 565 Confestim
596 497 770 558 dulces
801 500 956 579 liquit
989 500 1186 558 turbata
1220 516 1443 581 penateS.

256 593 418 649 Tum
454 588 674 645 noctem
710 583 925 644 Alcidae
966 581 1090 643 solis
1123 586 1401 667 plangebat
1433 591 1490 646 in
1527 593 1706 661 antris,

197 742 201 747 ι
258 681 327 736 Et
363 668 619 755 promissa
658 674 756 730 viri
798 668 940 731 filvis
980 673 1218 730 narrabat
1255 677 1461 753 ¹opacisg

1790 695 1938 765 430,

255 765 457 828 Donec,
495 774 820 834 maerentem
858 761 1091 837 ingratos
1134 762 1354 839 raptoris
1399 780 1628 830 amoreS,

257 843 709 927 Tendentemque
730 856 949 913 manus,
987 860 1137 925 atque
1162 842 1390 926 hospitis
1422 862 1877 913 arma-vocantem

255 936 546 1013 Diripuere⁵
571 928 729 989 ferae.
787 934 1006 989 Laceros
1045 931 1367 1008 Tirynthius
1402 949 1557 1003 artus,

182 1046 185 1050 ⁴
255 1021 412 1080 Dum
449 1033 648 1077 remeat
680 1018 880 1086 vidior,
923 1015 1155 1076 lacrimis
1183 1015 1446 1100 perfudit,
1480 1034 1752 1082 etamens

253 1106 448 1166 Palluit
488 1110 705 1164 invento
739 1100 961 1162 dilec‘lae
995 1107 1212 1184 virginis
1253 1127 1362 1164 ore.

1755 1132 1759 1138 ·
1793 1096 1923 1191 43⁸5,

199 1197 206 1201 ’
255 1198 330 1252 At
370 1213 504 1250 voce
543 1189 810 1248 Herculea
861 1186 1093 1270 percussa
1131 1195 1404 1249 cacumina
1447 1196 1651 1254 montis

252 1281 582 1337 Intremuere
620 1280 778 1356 iugis:
818 1273 1019 1334 maesto
1053 1276 1290 1336 clamore
1324 1277 1490 1336 ciebat

252 1370 526 1440 Pyrenen3
574 1360 879 1445 scopulique
913 1383 1101 1422 omnes
1141 1385 1201 1421 ac
1231 1362 1389 1422 lussra
1422 1360 1657 1424 ferarum

253 1455 504 1528 Pyrenen
529 1446 786 1508 resonant.

846 1448 1126 1508 Tumulo
1167 1467 1281 1509 tum
1319 1451 1564 1510 membra
1595 1453 1826 1533 reponit,

255 1541 582 1618 Supremum
614 1536 963 1594 illacrimans:
993 1558 1091 1594 nec
1115 1539 1292 1595 honos
1318 1536 1577 1597 intercidit
1602 1561 1750 1609 aevu,
1797 1553 1923 1610 440

254 1622 637 1704 Defletumque
677 1637 854 1680 tenent
898 1639 1108 1680 montes
1152 1645 1244 1702 per
1285 1619 1452 1682 secula
1496 1647 1716 1684 nomen.

348 1713 568 1791 lamque
605 1728 699 1788 per
734 1724 783 1765 et
818 1706 1008 1778 eolles,
1061 1723 1110 1766 et
1149 1706 1337 1768 densos
1370 1711 1533 1769 abiete
1563 1709 1715 1772 lucos

255 1796 545 1871 Bebryciae
579 1799 780 1853 Poenus
815 1792 945 1852 fines
977 1784 1360 1854 transcenderat
1393 1796 1558 1856 aulae.
1596 1848 1606 1859 ,,
1708 1855 1710 1857 ,

256 1880 393 1940 Inde
439 1876 595 1940 ferox
637 1877 924 1961 quaesitum
959 1885 1122 1940 armis
1157 1904 1249 1963 per
1284 1879 1547 1964 inhospita
1573 1905 1691 1945 rura
1742 1936 1744 1939 ,

257 1967 557 2028 Volcarum
594 1966 874 2046 POPUlatUI‘
907 1982 1030 2037 lter,
1067 1965 1362 2051 tulnldlque
1395 1974 1628 2032 minaces

1797 1987 1920 2047 445

257 2051 479 2115 Accedit
516 2053 767 2113 Rhodani
816 2049 1010 2112 festino
1053 2054 1224 2113 milite
1263 2059 1415 2135 ripas.

257 2140 550 2223 Aggeribus
585 2155 741 2223 caput
783 2139 989 2221 Alpinis
1027 2157 1078 2199 et
1123 2164 1250 2224 rupe
1282 2140 1447 2205 nivali

426 2344 526 2398 436.
557 2355 632 2394 pro
647 2340 803 2382 'montis
821 2341 882 2383 N.
902 2341 1046 2382 Heius.
1068 2342 1181 2383 coni.
1209 2328 1340 2384 motis.

1696 2308 1701 2310 ‚
1762 2236 1765 2239 ’
1808 2229 1968 2290 Pro..

1474 2331 1581 2396 439(
1614 2345 1785 2386 reboant
1807 2346 1926 2398 vulg.

369 2412 415 2442 et
437 2399 490 2440 fic
520 2400 651 2440 edidit
675 2399 820 2439 Lefeb.
870 2410 1094 2438 memorant
1119 2401 1183 2442 ed.
1214 2401 1346 2442 Parm.
1373 2411 1416 2441 et
1433 2401 1608 2441 mediol.
1643 2415 1665 2440 e
1686 2402 1838 2453 quibus
1864 2414 1929 2442 et..

369 2458 455 2498 iam
476 2471 574 2496 mox
599 2457 811 2495 intercidit
833 2468 908 2507 pro
931 2457 1148 2495 intercidet
1171 2457 1286 2508 vulg.
1337 2458 1452 2510 quod
1475 2469 1614 2497 tamen
1638 2457 1815 2511 servavit
1836 2455 1926 2498 Lef.

254 2546 396 2611 bulae
418 2545 723 2609 credendum,
758 2564 846 2596 nee
866 2546 1060 2595 turban-

253 2622 369 2672 dum
392 2616 709 2681 vocabulum,
745 2629 798 2667 ut
820 2616 938 2668 fecit
962 2615 1063 2667 Sal-

253 2693 450 2754 masius,
514 2692 598 2758 qui
656 2690 854 2758 putabat
909 2687 1058 2739 latere

250 2764 338 2816 sub
376 2762 546 2813 vocab.
588 2761 835 2827 serpentem
875 2777 1056 2811 nomen

251 2835 483 2896 infantis,
531 2846 722 2883 notatus
748 2831 862 2886 ideo
885 2849 912 2882 a
938 2835 1054 2883 Dra-

253 2907 402 2959 kenb.

325 2991 445 3045 429.
472 2973 601 3044 seqq.
648 2978 816 3027 ηοὲἶεηι
853 2974 1060 3034 Alcidae,-

634 3065 723 3116 pro
798 3047 1057 3102 concubitu

255 3139 363 3171 cum
409 3116 631 3170 Hercule.
708 3118 850 3184 filis,
897 3116 1057 3168 solita·

252 3195 371 3254 riis,
415 3190 627 3241 desertis.
695 3187 921 3257 Exempla
957 3188 1059 3240 for-

255 3262 412 3314 mulae
438 3260 665 3326 congessit
692 3278 868 3326 magno
890 3277 1057 3310 nume-

256 3353 317 3385 ro
348 3333 589 3384 Drakenb.
625 3361 696 3374 --
769 3346 891 3401 434.
914 3334 1057 3384 vic‘lor

257 3410 481 3463 Geryone
503 3402 780 3459 interfecto,
818 3423 866 3462 v.
889 3404 949 3455 ad
971 3402 1057 3456 lib.

257 3481 296 3543 1,
325 3482 442 3546 283.

1202 2546 1483 2616 444.·seqq.‘
1526 2547 1644 2597 Inde
1679 2547 1927 2600 Hannibal

1127 2635 1214 2684 per
1261 2617 1518 2671 Volcarum
1557 2636 1724 2683 agrum
1768 2623 1930 2688 pergit

1125 2690 1412 2741 Rhodanum
1443 2690 1822 2754 transgreffiirus.
1860 2719 1931 2732 --

1097 2764 1305 2812 Premit
1352 2774 1497 2831 poeta
1546 2764 1744 2826 vestigia
1794 2765 1928 2814 Livii

1125 2825 1254 2894 XXI,
1279 2833 1361 2887 26.
1397 2860 1457 2872 -·-
1564 2849 1682 2900 447
1720 2838 1930 2902 Sequu'n

1127 2915 1207 2953 tur
1219 2907 1383 2958 ornati
1396 2903 1556 2954 versus
1572 2906 1795 2956 Rhodani
1818 2906 1929 2955 fo'n-

1130 2986 1227 3025 tem
1283 2990 1331 3026 et
1390 2978 1569 3027 fluxum
1616 2975 1927 3032 declarantes.

1129 3047 1324 3113 Singula
1370 3062 1460 3117 'per
1525 3058 1929 3117 προσωποποιὶὶκν

1129 3117 1254 3168 elata
1278 3119 1412 3180 sunt,
1448 3137 1589 3186 quam
1627 3121 1678 3168 in
1717 3121 1930 3171 flumini-

1127 3191 1213 3239 bus
1250 3193 1502 3259 praecipue
1545 3201 1706 3251 amant
1738 3206 1930 3259 poetae.

1129 3262 1274 3329 Caput
1309 3263 1503 3329 proserit
1547 3268 1596 3313 in
1647 3263 1818 3323 Celtas,
1865 3280 1926 3314 ex

1126 3331 1326 3401 Alpibus
1373 3336 1537 3384 oriens
1589 3350 1674 3400 per
1719 3333 1927 3384 Galliam

1124 3406 1339 3473 profluit.
1446 3403 1604 3456 Simili
1643 3407 1926 3474 metaphora

1035 3529 1038 3531 ,
1125 3492 1287 3527 amnes
1295 3477 1500 3548 fiarguut
1521 3493 1580 3529 ex
1605 3476 1839 3541 fontibus,¹
1874 3487 1930 3528 ut

1826 3551 1938 3601 Vir·
