2118 3840
471 207 583 266 DE
653 209 1068 267 CARMINE·
1106 207 1457 270 SILIANO
1648 234 1807 274 xvu

2 396 23 431 s
121 381 238 427 rem
262 358 639 429 conciliarent,
683 361 744 418 iis
771 355 1002 441 lingulas
1025 364 1323 444 argumenti
1348 374 1517 443 partes
1533 360 1800 425 instruxit.

28 444 30 452 ’
121 454 296 530 Atque
331 467 435 528 ego
477 444 692 528 quidem
739 448 994 526 inprimis
1023 449 1132 505 hoc
1169 453 1252 528 egi
1283 453 1335 506 in
1362 445 1604 508 universo
1629 454 1798 515 Com.

103 538 416 604 ‘montarim
470 549 527 592 ut
578 530 707 592 illud
753 548 942 613 poetae
985 533 1278 595 institutum
1322 531 1539 616 singulis
1574 529 1630 596 in
1667 537 1797 597 locis

109 621 475 695 monstrarem
502 635 554 678 et
575 618 911 700 explicarem.
999 621 1162 702 Igitur
1178 642 1245 680 ne
1270 619 1556 705 repetendo
1583 623 1797 683 molesti

115 704 308 775 fimus,
346 711 399 766 in
442 727 550 767 uno
588 705 840 787 exemplo
877 727 942 764 ex
976 712 1129 765 tertio
1167 712 1419 767 carminis
1454 707 1594 768 libro
1631 714 1795 791 petito

116 790 534 877 acquiescamuS,
579 789 720 851 unde
757 789 824 852 de
861 798 1072 852 caeteris
1111 793 1328 852 iudicari
1378 790 1641 855 facillime
1679 812 1797 880 pot-

30 904 39 911 ‘
117 898 233 941 erit.

189 983 192 988 ’
235 965 471 1044 Sagunto
504 975 798 1043 expugnata
831 961 1103 1021 Hannibal
1143 960 1418 1021 constituit
1455 961 1675 1045 Alpibus
1713 962 1796 1024 su-

24 1039 25 1043 *
115 1053 306 1136 peratis
326 1053 564 1111 Romam
594 1063 785 1130 petere.
875 1051 1054 1131 ltaque
1077 1049 1332 1108 omnibus
1359 1052 1527 1130 copiis
1552 1050 1795 1111 collec‘lis

16 1211 18 1213 ¹
113 1145 213 1199 iter
246 1132 576 1217 aggreditur,
612 1149 661 1193 et
699 1133 817 1216 post
858 1140 1029 1195 varios
1067 1135 1273 1195 labores
1305 1134 1593 1196 exantlatos
1629 1137 1793 1219 Alpes

17 1235 50 1274 ³·
113 1218 468 1286 transscendit.
560 1222 708 1279 Haec
735 1218 921 1280 diserte
948 1220 1128 1282 Livius
1157 1220 1342 1290 tradit,
1386 1239 1544 1304 atque
1579 1227 1646 1282 ita
1676 1247 1794 1284 nar-

21 1319 26 1328 “
111 1328 222 1384 rat,
259 1324 316 1371 ut
345 1309 571 1391 eleganti
598 1303 838 1391 scriptori
867 1324 919 1368 et
945 1308 1195 1369 historico
1217 1305 1635 1368 consentaneum
1665 1327 1793 1371 erat.

108 1395 255 1481 Qi'd
293 1400 471 1456 autem
502 1399 692 1477 poeta?
779 1397 1024 1454 Primum
1059 1394 1267 1456 videbat
1291 1411 1505 1455 tenuem
1533 1413 1583 1454 et
1608 1398 1791 1479 vulga-

24 1491 38 1511 *
103 1484 240 1547 retii*¹
253 1474 555 1545 orationem
580 1477 815 1543 futuram
848 1479 970 1549 esse,
1008 1480 1045 1540 fi
1075 1483 1208 1542 nihil
1236 1482 1470 1563 amplius
1493 1505 1653 1562 quam
1684 1487 1792 1544 hoc

52 1635 54 1638 ,
107 1566 343 1647 dixisset:
385 1567 751 1629 Hannibalem
779 1566 1080 1638 decrevisse,
1117 1571 1200 1630 vel
1221 1564 1557 1629 constituiffe.
1643 1575 1791 1653 Ergo

36 1678 37 1682 ’
107 1645 244 1719 bene
273 1677 493 1719 memor
518 1658 733 1715 rationis
764 1657 1125 1731 Homericae,
1163 1679 1295 1739 quae
1321 1661 1427 1716 iam
1459 1651 1571 1714 fere
1595 1659 1650 1715 in
1677 1680 1787 1717 cae-

106 1752 344 1805 terorum
369 1746 644 1824 poetarum
673 1739 1117 1803 consuetudinem
1150 1744 1373 1812 abierat,
1406 1747 1651 1803 Deorum
1685 1749 1789 1803 mi·

48 1847 49 1851 ’
80 1831 380 1892 misterium
412 1846 462 1890 et
503 1849 667 1912 opem
705 1826 1019 1909 usurpandi,
1071 1830 1159 1889 ubi
1198 1829 1447 1890 heroibus
1481 1850 1562 1887 res
1594 1829 1788 1892 arduae

104 1916 190 1979 vel
232 1913 544 1997 cogitandae
582 1915 668 1976 vel
705 1914 1058 1995 perficiendae
1081 1913 1246 1975 essent-
1270 1921 1372 1992 π’),
1407 1918 1594 1976 Iovem
1623 1915 1786 1978 advo-

51 2031 54 2035 ⁴
107 2015 217 2073 cat,
261 2006 349 2085 qui
391 2005 665 2062 Mercurio
701 1997 862 2060 misso
889 2003 1253 2081 Hannibalem
1284 2001 1348 2060 ad
1374 2003 1574 2061 bellum
1600 2021 1785 2065 contra

104 2093 386 2152 Romanos
423 2085 842 2171 persequendum
875 2093 1075 2147 excitet.
1165 2091 1293 2148 Hoc
1323 2088 1497 2148 modo
1523 2086 1586 2147 ad
1613 2095 1785 2151 varios

105 2171 694 2255 ornatusexplicnndos
735 2178 815 2234 via
852 2179 1055 2234 munita
1095 2192 1233 2245 erat,
1271 2193 1427 2260 atque
1460 2181 1526 2235 ita
1560 2199 1783 2238 carmen

103 2251 373 2346 poeticum
406 2259 672 2344 quendam
712 2260 958 2320 colorem
995 2277 1246 2331 traxerat,
1287 2266 1408 2346 qui,
1444 2262 1484 2323 fi
1512 2264 1656 2323 nulla
1681 2265 1783 2325 alia

100 2372 176 2419 re,
215 2365 395 2409 tamen
421 2350 726 2408 auctoritate
753 2344 936 2408 saltem
970 2351 1284 2418 Homerica,
1327 2366 1378 2409 et
1403 2347 1781 2411 consuetudine

0 2427 2 2482 l
32 2431 75 2498 'i
101 2435 396 2519 virgiliana
430 2431 483 2495 se
518 2439 650 2494 tueri
688 2451 891 2515 poterat
918 2434 1017 2510 ¹¹).
1110 2439 1275 2496 Porro
1302 2459 1426 2496 cum
1454 2459 1523 2496 eo
1551 2443 1779 2498 narratio

0 2512 3 2544 ¹
39 2517 440 2606 i‘perveiiiss‘et‚
473 2538 528 2581 ut
562 2524 669 2580 iam
710 2522 982 2581 Hannibal
1020 2519 1270 2583 dicendus
1308 2520 1579 2584 essetcum
1606 2531 1780 2605 copiis

72 2596 204 2670 'suis
238 2614 334 2682 iter
369 2607 434 2667 ad
467 2607 621 2689 Alpes
648 2606 969 2678 instruxisse,
1004 2606 1260 2690 >profe6lo
1281 2632 1395 2670 non
1424 2628 1628 2694 poterat
1650 2635 1780 2693 poe-

103 2702 187 2756 ta¹e
219 2694 400 2756 nostro
437 2690 676 2755 sufficere
712 2692 940 2777 fimplex
982 2696 1199 2756 brevitas
1234 2701 1400 2768 Livii,
1435 2705 1523 2779 qui
1553 2698 1667 2758 illas
1691 2721 1782 2760 co·
1819 2750 1825 2760 .

99 2783 243 2866 piaS,
286 2803 398 2841 non
422 2779 637 2864 lingulis
659 2783 931 2864 gentibus,
976 2783 1162 2866 quibus
1199 2785 1555 2852 constiterint,
1595 2782 1680 2845 sed
1721 2791 1779 2853 in

101 2865 406 2930 universum
440 2868 676 2931 militum
716 2891 947 2932 nurnero
984 2886 1245 2954 utcunque
1279 2869 1648 2955 computando
1687 2872 1776 2931 de·

46 3008 53 3015 .
99 2954 406 3038 signaverat.
497 2960 674 3038 ltaque
702 2954 904 3017 secutus
933 2957 1179 3039 exempla
1205 2961 1440 3019 Homeri
1456 2978 1516 3020 ‘et
1542 2960 1776 3041 Virgilii,

39 3100 41 3103 .
100 3040 329 3126 quorum
366 3042 484 3102 loca
522 3045 627 3102 huc
668 3048 979 3125 pertinentia
1015 3049 1073 3104 in
1097 3049 1511 3108 Commentario
1547 3045 1778 3106 laudavi·

30 3148 34 3159 ²
98 3151 250 3202 mm,
299 3132 558 3190 'omnium
608 3126 723 3190 fere
764 3131 1100 3215 populorum
1150 3154 1215 3193 ex
1261 3132 1506 3196 universo
1541 3139 1775 3214 imperio

318 3220 320 3223 ⁸
1563 3223 1773 3298 Libyco

170 3319 898 3405 1‘0)v.noee.ad11b.1x,287.
1046 3338 1133 3398 ιι)
1172 3334 1237 3391 ef.
1275 3334 1362 3388 lib.
1397 3338 1471 3403 x,
1515 3346 1637 3409 338·
1670 3339 1772 3410 sqq.

86 3417 144 3460 'et
169 3421 289 3475 340.
965 3410 1054 3472 IV,
1087 3424 1209 3477 724.
1419 3420 1424 3428 ·

171 3498 273 3554 Vol.
311 3501 353 3566 Ι,
1061 3503 1092 3560 b
