2118 3840
610 77 1119 147 PVNICORVM
1175 88 1443 147 LIB.1V.

1760 96 1854 158 181

268 231 372 296 Sed
411 233 611 311 Libyae
641 230 832 295 dudior
868 248 980 295 tuto
1017 229 1164 307 fovet
1203 239 1420 315 agmina
1453 234 1614 306 vallo,

181 319 332 385 Fessa
371 319 631 404 gradum,
667 322 945 403 multoque
972 318 1095 403 gelu
1133 326 1390 402 torpentia
1431 344 1648 385 nervos:

1763 339 1845 395 4·

138 400 149 413 ⁶
179 406 510 489 solandique
546 430 741 490 genus,
777 405 922 467 laetis
957 406 1178 466 ostentat
1210 404 1276 466 ad
1314 409 1515 469 Vrbem

178 496 282 556 Per
317 516 535 575 campos
568 490 823 575 superesse
857 497 1032 563 viam,
1084 496 1426 577 Romamque
1464 494 1556 556 sub
1591 494 1718 556 istu.

176 583 253 641 At
293 602 407 640 non
442 597 493 639 et
528 602 706 640 rerum
742 599 890 640 curas
939 575 1277 662 consultaque
1314 580 1438 641 belli

172 669 323 727 Stare
362 666 579 747 probat,
618 662 860 749 solusque
894 669 1075 748 nequit
1111 662 1341 747 perferre
1373 671 1623 750 quietem.

175 749 484 830 Armiferae
523 750 796 834 quondam
843 749 1006 833 prisca
1042 755 1175 811 inter
1211 768 1455 835 tempora
1492 772 1673 838 gentes
1720 800 1724 805 .
1760 768 1839 829 45

68 845 71 849 ’
173 836 474 900 Ausonium
518 835 748 898 invasere
783 837 943 909 latus,
987 833 1232 921 sedesque
1267 839 1463 914 beatas;
1533 858 1536 862 ’
1909 844 1927 850 “

173 927 244 986 Et
276 928 439 999 metui
474 923 719 1006 peperere
754 946 935 984 manu.
989 926 1129 983 Mox
1175 929 1338 1006 impia
1376 926 1515 988 bella

172 1011 439 1092 Tarpeius
474 1026 617 1091 pater
649 1026 700 1070 et
739 1014 874 1091 capti
919 1005 1119 1080 sensere
1154 1014 1397 1090 Qirites.

171 1098 285 1158 Hic
315 1093 447 1155 dum
478 1092 724 1156 sollicitat
761 1093 947 1170 doniS,
993 1111 1042 1156 et
1069 1099 1246 1155 inania
1286 1095 1448 1156 corda

168 1184 252 1242 Ac
284 1180 481 1242 fluxam
522 1203 738 1242 morum
764 1199 980 1264 gentem
1005 1177 1183 1255 fovet,
1214 1203 1465 1265 armaque
1495 1185 1683 1265 iungit,
1765 1199 1841 1258 50

169 1269 287 1331 Iam
323 1264 556 1339 Consul,
596 1266 799 1329 volucri
837 1269 1107 1351 pervestus
1138 1268 1292 1329 litora
1326 1266 1503 1341 claffe,

954 1355 1102 1424 Ms

335 1500 405 1544 40;
430 1493 583 1543 gradu.
615 1491 776 1533 Colon.
802 1493 916 1534 etita
937 1493 1070 1536 edidit
1094 1495 1241 1536 Lefeb.

278 1546 339 1592 N.
365 1547 506 1590 Heins-

243 1636 474 1713 ⁴39.st.·qq.>
509 1624 754 1705 Hannibal
789 1638 968 1694 milites

167 1709 312 1765 seffor
345 1711 520 1762 itinere
547 1710 716 1777 fovet,
768 1726 968 1767 recreat.

133 1783 336 1834 -Livius
380 1782 508 1844 XXI,
547 1780 648 1850 37.
700 1788 821 1852 quies
838 1783 968 1854 fiffls

162 1852 414 1905 hominibus
482 1852 590 1903 date
659 1855 830 1907 triduo.
895 1859 968 1896 1—-

162 1939 252 1993 41.
273 1922 451 1993 fidendi
483 1940 535 1974 ue
546 1940 686 1995 genus
705 1951 761 1962 -·
779 1925 970 1989 ostentat

164 2009 256 2050 etc.
293 1995 411 2046 dura
451 1941 664 2055 locutio,
712 2011 858 2063 quam
897 1999 966 2049 ita

120 2069 124 2076 ’
166 2065 402 2137 expedio:
466 2066 559 2116 hoc
587 2064 747 2116 solatii
792 2086 966 2133 genere

163 2125 320 2190 utitui·
334 2136 614 2197 Hannibal,
650 2149 702 2187 ut
726 2138 964 2190 militibus

163 2208 407 2272 ostendat,
431 2224 513 2277 per
535 2225 727 2274 campos,
766 2210 856 2260 hoe
878 2213 961 2272 est,

157 2278 358 2346 „lanam
378 2291 428 2330 et
464 2277 657 2330 facilem
693 2281 821 2331 viam
857 2299 965 2333 ver·

183 2369 239 2418 ua
262 2354 462 2404 Romam
484 2350 592 2412 effe,
626 2367 824 2421 eamque
854 2371 967 2422 pro-

54 2433 58 2438 “
161 2440 224 2493 pe
263 2421 352 2490 stab
396 2425 510 2485 ielu,
559 2424 856 2492 proximam,
916 2434 965 2476 et

159 2511 282 2565 quae
338 2496 436 2544 iam
479 2510 629 2563 paene
657 2491 763 2544 telis
789 2497 967 2559 attingi

161 2566 316 2636 poffit.
389 2568 495 2615 Hoc
521 2563 744 2616 ultimum
775 2565 963 2636 planius

163 2637 288 2689 dixit
313 2635 445 2690 verff.
476 2649 589 2690 101.
620 2653 734 2690 102.

175 2725 182 2736 ‘
270 2721 496 2775 43-50.
556 2707 658 2775 lpse
693 2705 963 2767 Hannibal,

161 2778 276 2830 dum
299 2777 476 2841 milites
513 2781 665 2846 quieti
694 2777 963 2844 indulgent,

161 2853 286 2901 curis
309 2844 495 2900 bellicis
516 2852 738 2913 agitatur,
773 2862 821 2901 et
851 2849 964 2902 Gal-

158 2920 235 2974 los
258 2924 442 2973 interea
463 2921 549 2970 fibi
575 2923 748 2987 iungit.
818 2922 963 2972 Curae

146 2993 275 3062 stare
314 2993 563 3053 dicuntur,
595 3010 700 3046 cnm
725 2994 960 3043 intermit.

162 3075 356 3126 tuntur,
391 3076 440 3112 et
467 3062 735 3130 quiescunt:
786 3067 886 3114 Iam
905 3070 959 3116 i'u

160 3135 530 3202 verffi·45-48.
581 3133 805 3184 describit
851 3134 961 3186 Gal·

160 3203 262 3270 los,
296 3210 380 3275 qui
412 3207 555 3274 prisia
590 3211 710 3258 inter
746 3223 959 3272 tempora,

159 3295 336 3350 nempe
407 3291 624 3347 tempore
699 3279 966 3349 Tarquinii

1723 1353 1845 1427 ⁸Sci·

1365 1500 1431 1545 ςι.
1460 1490 1697 1545 ρναιυιᾶια
1723 1491 1839 1532 cuni.

1040 1641 1217 1703 Prisci,
1254 1653 1306 1693 ut
1328 1640 1467 1693 docet
1489 1640 1659 1690 Livius
1682 1640 1744 1699 V,
1759 1651 1842 1705 34.

1038 1710 1222 1784 partem
1280 1711 1447 1764 Italiae
1509 1728 1627 1778 quae
1682 1711 1843 1777 postea

1039 1783 1196 1837 Gallia
1221 1784 1461 1850 Cisalpina
1485 1782 1611 1832 diua
1635 1782 1728 1842 est,
1765 1799 1845 1830 oe-

1038 1866 1287 1925 cuparunt,
1301 1853 1744 1906 circumiacentibus
1757 1869 1843 1919 po.

1038 1926 1165 1997 pulis
1237 1939 1472 1978 terrorem
1550 1926 1840 1984 iniecerunt,

1035 2000 1199 2064 (metui
1213 2001 1440 2066 peperere)
1475 2013 1588 2046 mox
1606 1998 1841 2046 etRoma·

1036 2088 1124 2121 nos
1149 2071 1343 2135 aggressi
1365 2068 1516 2138 ipsam
1533 2071 1735 2116 Romam
1759 2083 1842 2116 ex·

1034 2153 1326 2210 pugnarunt,
1363 2157 1506 2209 quam
1526 2139 1841 2207 expugnatio·

1033 2229 1146 2261 nem
1171 2211 1305 2264 verss‘.
1328 2225 1414 2280 47.
1440 2223 1487 2261 et
1500 2217 1583 2278 48.
1602 2220 1751 2259 notat.
1769 2237 1836 2252 -

1019 2283 1202 2335 ‘luania
1245 2284 1408 2344 corda,
1452 2295 1502 2332 et
1527 2280 1703 2349 fluxam
1743 2298 1839 2331 mo-

1032 2373 1129 2406 rem
1151 2351 1306 2407 Gallis
1329 2355 1532 2414 tribuit,
1576 2354 1641 2403 ob
1670 2350 1839 2402 levita·

1034 2438 1162 2487 tem,
1233 2443 1356 2494 quae
1399 2424 1460 2474 ad
1512 2424 1835 2475 desefflonena

1068 2496 1276 2549 roclives
1316 2496 1559 2548 reddebat.
1621 2494 1681 2545 cf.
1713 2494 1836 2547 infr.

1054 2571 1121 2623 ib.
1143 2572 1274 2631 vlu,
1308 2568 1384 2621 16.
1435 2568 1559 2618 Rem
1581 2570 1652 2618 ita
1674 2578 1837 2616 narrat

1032 2642 1202 2690 Livius
1249 2642 1386 2699 XXI,
1435 2653 1519 2706 39.
1589 2641 1727 2700 „lam
1776 2654 1841 2687 et

1032 2711 1214 2761 stativis
1281 2721 1501 2761 moverat
1567 2707 1836 2766 Hannibal,

1032 2780 1349 2848 iunxiffetque
1382 2781 1505 2843 -nbi,
1551 2797 1651 2831 non
1699 2794 1831 2831 metu

1034 2851 1216 2914 solum,
1278 2851 1355 2902 sed
1391 2855 1538 2902 etiam
1583 2850 1834 2903 voluntate

1033 2922 1198 2975 Gal-los
1240 2922 1422 2975 accolas
1457 2924 1605 2984 Padi,
1662 2926 1713 2973 ni
1751 2942 1834 2973 cos

1033 2995 1473 3065 circumspe&antes
1543 2994 1833 3046 defeciionis

1030 3081 1246 3134 tempus,
1282 3066 1440 3116 subito
1463 3065 1695 3116 adventus
1719 3086 1832 3118 con·

1032 3137 1144 3188 sulis
1177 3136 1515 3205 oppreliiffet.“

1109 3224 1187 3274 5¹-
1214 3209 1339 3277 seqq.
1375 3210 1474 3271 Qui
1523 3226 1712 3260 carmen
1761 3212 1834 3259 Si.

1039 3278 1222 3332 lianum
1258 3298 1317 3333 ex
1361 3277 1530 3332 indole
1567 3294 1615 3334 ct
1647 3280 1831 3346 legibus

1709 3370 1834 3423 epici
