2046 3866
222 3136 230 3145 .
329 3079 419 3205 u‘t·
440 3083 663 3192 Modio
704 3092 765 3148 e't
800 3079 1054 3204 Heinsio
1077 3081 1370 3147 invidiam
1402 3079 1663 3194 faceret,
1699 3072 1761 3144 et
1784 3085 1971 3143 convi

329 166 406 213 w
749 127 1554 220 PRAEFATIO

328 300 566 390 gendae
597 300 846 383 potiuS,
887 310 1078 379 'quam
1112 285 1426 376 scriptoris
1462 280 1783 388 adiuvandi
1821 323 1990 368 com-

326 401 780 484 mendandique
805 395 1139 464 consilium
1149 394 1368 480 cepifl'e
1388 396 1729 478 videantur*
1780 399 1991 493 Vulgo
2043 419 2046 426 ⁴

332 514 532 587 enim,
569 512 754 589 quem
790 501 1177 578 audiverunt
1183 505 1479 584 criticum
1508 497 1676 582 dici,
1702 505 1803 567 vel
1834 508 1992 568 vam-i-

332 627 504 678 antes
530 600 851 682 leffiones,
906 606 1256 668 libellumve
1284 608 1576 666 criticum
1609 580 1851 688 edidiffe
1885 626 1997 668 co-

323 736 505 800 gnov
510 726 720 784 erunt,
762 708 835 770 de
873 714 1004 771 eius
1042 705 1316 771 doch-ina
1341 720 1410 769 et
1425 710 1688 789 ingenio
1721 725 1850 774 non
1863 722 1999 769 am·-
2043 741 2046 748 ·

325 820 488 904 plius
514 814 790 877 dubitant
814 811 1129 885 nonnulli,
1163 822 1234 872 ut
1258 810 1614 894 ambiguum
1636 806 1739 884 fit,
1790 822 2002 893 utrum
2037 858 2046 895 ;

330 935 574 986 veteres
630 915 954 998 scriptores
1001 928 1250 996 propter
1297 917 1386 975 rei
1441 917 1716 975 criticae
1738 899 2004 973 studium

324 1017 679 1086 tractandos
716 1030 777 1080 et
811 1013 1274 1098 cognoscendos
1309 1019 1551 1098 potiuS‚
1612 1036 1689 1077 an
1727 1014 1852 1076 hoc
1874 1010 2005 1075 stu-

328 1124 504 1188 ·dium
537 1121 608 1185 ad
644 1121 780 1183 illos
807 1118 1144 1202 scriptores
1183 1118 1432 1182 lectioni
1472 1117 2005 1200 &intelligentiae

327 1221 1245 1313 praeparandos’conferendum
1275 1219 1394 1284 'effe
1422 1217 1788 1283 existiment.
1876 1219 2004 1287 Ac-

330 1330 526 1406 cedit,
562 1326 730 1410 quod
755 1329 1035 1401 illorum,
1072 1331 1178 1408 qui
1213 1347 1245 1387 a
1268 1330 1482 1409 primis
1512 1330 1747 1406 reperti
1785 1328 2006 1386 carmi·-

323 1439 429 1499 nis
456 1433 834 1515 temporibus
861 1451 1057 1513 usque
1084 1427 1157 1491 ad
1181 1429 1341 1500 hanc
1364 1426 1630 1494 nostram
1660 1439 1918 1490 aetatem
1936 1418 2005 1490 in¹

325 1536 561 1600 Siliano
599 1549 788 1618 opere
830 1532 1143 1597 traciando
1182 1530 1574 1612 desudarunt,
1613 1535 1680 1592 in
1715 1528 1845 1594 solo
1878 1528 2006 1592 fere

325 1653 632 1705 contextu
664 1637 1062 1702 emacula-ndo
1101 1651 1162 1699 et
1198 1630 1827 1699 instaurando‘omnis
1861 1655 2006 1718 ope-

276 1802 282 1807 .
329 1741 695 1809 ra'substitit.
775 1740 978 1824 'Legat
1000 1741 1153 1803 mihi
1186 1742 1401 1823 aliquis
1428 1751 1491 1802 et
1510 1739 1783 1822 perlegat
1801 1750 2007 1822 totum

330 1847 645 1912 Volumen
688 1845 1386 1918 Drakenborchianum,
1449 1841 1798 1931 quodcum
1835 1859 2010 1924 egre-

322 1955 439 2035 gio
469 1947 783 2013 dochina'e
807 1960 1094 2030 apparatu
1117 1944 1427 2010 universas
1450 1965 1600 2027 opes
1620 1951 1871 2013 criticas
1901 1967 2010 2010 ex.-

329 2047 535 2127 hibet,
580 2049 798 2114 amabo
834 2050 1035 2123 illum,
1073 2043 1119 2110 si
1156 2049 1309 2112 mihi
1338 2053 1461 2110 iam
1495 2046 1688 2124 dicat,
1734 2049 1910 2132 quale
1934 2045 1979 2111 fi

332 2176 624 2229 carmen,
672 2149 827 2234 quid
866 2149 974 2215 fibi
1009 2166 1191 2235 poeta
1228 2151 1539 2227 voluerit,
1570 2151 1726 2234 quid
1764 2151 2007 2217 secutus

261 2312 265 2326 ,
326 2244 555 2333 fuerit,
594 2252 741 2339 quid
769 2253 842 2318 de
865 2261 1039 2318 omni
1064 2254 1427 2319 transtatione
1450 2261 1796 2343 argumenti
1824 2251 1936 2318 fit
1919 2277 1985 2319 m

329 2358 692 2426 dicandum·
678 2402 697 2432 ‚
746 2360 983 2434 amabo,
999 2355 1082 2421 si
1066 2380 1188 2422 1am
1211 2348 1426 2422 nul-libi
1447 2377 1564 2436 nec
1588 2365 1654 2422 in
1678 2359 1861 2422 re'bus
1888 2379 2008 2422 nec

329 2469 404 2549 ixi
424 2465 632 2529 verbis
663 2463 930 2539 haereat,
962 2477 1023 2524 et
1051 2476 1257 2526 certus
1287 2458 1378 2538 fit,
1415 2461 1725 2546 quodnam
1743 2467 2007 2527 carmini
2042 2459 2046 2499 ¹

328 2574 601 2656 pretium
624 2565 851 2655 statuat.
939 2567 1183 2630 Scilicet
1214 2556 1348 2650 post
1382 2562 1653 2628 Marsum
1689 2567 1868 2628 Silius
1909 2572 2006 2628 in-

327 2664 664 2756 terpretem
691 2671 926 2733 nullum
952 2671 1182 2734 habuit.
1252 2670 1769 2753 Quotusquisque
1799 2683 2004 2733 autem

329 2877 708 2943 scholiorum
743 2877 962 2940 rudem
994 2876 1359 2960 farraginem
1391 2876 1594 2959 legere
1629 2875 1734 2940 diu
1759 2874 2002 2940 sustine-
2042 2869 2044 2872 ’

330 2980 428 3048 at?
467 2984 857 3064 Dausqueius
886 2985 1400 3045 commentarium
1424 2975 1710 3064 scripfiffe
1736 2977 2000 3055 videtur,
