2118 3840
671 141 1178 252 pvmconyn
1236 147 1386 210 2113.
1424 146 1546 211 v11·
1850 164 1953 221 333
2057 148 2061 158 '

281 256 1953 395 *stu-*wn-ffin—*a-*nnm*

598 522 681 597 C.
775 522 1063 592 SILII
1158 519 1648 590 ITALICI

283 702 556 803 1²„V
678 703 772 797 N
895 699 934 786 I
1060 680 1135 785 C
1258 694 1343 786 O
1468 696 1540 784 R
1672 698 1751 792 V
1864 695 1961 789 M

825 906 1178 967 LIBER
1259 904 1407 967 VH.

734 1213 1511 1307 ARGVMENTVM.

282 1341 546 1455 ffibius,
592 1347 672 1399 cui
704 1346 967 1415 imperium
1005 1344 1116 1398 belli
1142 1342 1500 1397 demandatum
1518 1339 1658 1410 fuit,
1693 1339 1963 1398 c'nnffando

408 1417 739 1472 Hannibalem
755 1419 1055 1487 perdomare
1075 1415 1303 1485 instituit.
1379 1414 1643 1466 Hannibal
1665 1416 1965 1483 cogniturus

283 1488 433 1546 Fabii
451 1490 691 1556 incident,
724 1506 757 1543 a
787 1487 943 1543 Cilnio
962 1487 1177 1558 quodam
1210 1487 1408 1554 captivo
1443 1486 1684 1540 edocetur.
1756 1485 1813 1537 Is
1846 1502 1965 1537 nar·

285 1559 680 1616 rat·Fabiorum
716 1561 856 1631 apud
893 1560 1122 1614 Veientes
1157 1559 1445 1619 interitum,
1476 1556 1542 1609 'et
1567 1556 1715 1609 Fabii
1737 1558 1876 1609 ducis
1899 1573 1966 1608 ex

191 1662 195 1676 ·
284 1631 679 1703 iilissuperstitis
697 1649 888 1703 genus,
923 1629 1162 1691 indolem,
1195 1631 1546 1699 virtutemque,
1563 1630 1759 1682 laudat.
1866 1627 1964 1680 Ro-

283 1720 397 1758 mae
422 1704 609 1759 Patres
643 1713 692 1758 et
715 1711 975 1757 matronae
998 1703 1226 1771 religioni
1246 1709 1448 1766 vacant,
1482 1701 1686 1768 bellique
1694 1698 1969 1768 fortunam

285 1774 425 1830 Deos
451 1784 746 1846 precantur.
847 1776 1058 1845 Iamque
1090 1771 1279 1827 Fabius
1325 1775 1453 1826 lento
1494 1774 1697 1841 agmine
1726 1772 1966 1839 procedit.

283 1846 553 1914 Hannibal
593 1849 756 1901 variis
799 1849 1119 1915 argumentis
1150 1848 1345 1907 elevans
1386 1847 1627 1896 virtutem
1665 1843 1968 1906 Romanam,

285 1910 365 1973 ad
379 1921 687 2001 repentinum
717 1920 965 1987 impetum*
988 1920 1170 1990 milites
1190 1914 1313 1984 suos
1351 1919 1555 1968 excitat.
1663 1914 1740 1967 Ae
1774 1915 1969 1968 Fabius

281 2005 512 2061 pugnam
533 1989 706 2062 dffl’rt
740 1989 1024 2044 cunffando.
1067 1988 1071 1993 ’
1128 1988 1278 2056 Ergo
1314 1987 1577 2039 Hannibal
1608 1989 1659 2039 in
1692 1985 1968 2055 Appuliam

287 2077 322 2115 a
361 2076 472 2124 enen
493 2071 685 2125 movet,
705 2060 911 2132 fifhrte
927 2061 1069 2132 poffit
1094 2059 1282 2130 insidiis
1308 2066 1356 2110 et
1392 2060 1499 2129 asta
1520 2058 1731 2110 Fabium
1757 2074 1971 2125 capere.-

287 2079 395 2188 §a
415 2129 654 2204 frustra„
702 2134 771 2187 Id
792 2148 950 2203 aegre
968 2135 1046 2186 ille
1060 2132 1240 2200 ferens
1266 2132 1318 2183 in
1342 2128 1672 2199 Campaniam
1697 2132 1847 2193 redit,
1881 2129 1971 2183 ubi

257 2206 423 2279 ‚agri
440 2202 672 2282 inprimis
704 2206 905 2258 Falerni
937 2204 1066 2258 male'
1098 2218 1131 2255 a
1163 2201 1406 2255 militibus
1434 2201 1715 2260 habemur,-
1759 2218 1860 2271 qua
1893 2218 1969 2254 oc-

285 2273 472 2347 casione
490 2284 637 2344 poeta
659 2277 719 2329 de
740 2278 854 2330 vino
875 2276 1087 2342 Falerno
1098 2273 1377 2347 xepisodium
1406 2276 1638 2342 explicat.
1749 2273 1847 2325 Hic
1872 2271 1971 2324 Ro·

290 2350 428 2402 mani
460 2349 632 2416 cupide
657 2365 888 2418 pugnam
916 2346 1163 2417 poscentes
1196 2361 1228 2398 a
1253 2347 1409 2398 Fabio
1441 2348 1602 2414 gravi
1627 2347 1851 2398 oratione
1879 2344 1967 2396 ad-

288 2427 579 2482 monentur,
628 2427 687 2472 ut
720 2418 985 2490 quieffcant.
1089 2419 1239 2484 Ergo
1278 2418 1561 2478 Hannibal,
1606 2426 1662 2469 ut
1689 2417 1972 2479 clandestini

276 2490 502 2561 foederis
532 2489 690 2554 seeum
725 2494 838 2545 initi
875 2492 1115 2543 invidiam
1147 2489 1304 2542 Fabio
1324 2487 1550 2555 faceret,
1586 2498 1867 2557 mentesque
1903 2489 1969 2541 ab

291 2579 346 2617 eo
370 2559 706 2632 abalienaret,
729 2562 895 2631 fundo
917 2563 1170 2622 Fabiano,
1216 2563 1303 2630 qui
1348 2569 1462 2612 erat
1495 2563 1547 2612 in
1580 2576 1713 2627 agro
1737 2561 1969 2624 Falerno,

291 2633 542 2701 imprimis
553 2635 769 2703 'pancere
795 2635 978 2686 milites
997 2632 1147 2686 iubet.
1217 2632 1409 2685 Fabius
1445 2631 1541 2684 liae
1546 2630 1741 2698 fraude
1777 2633 1971 2685 Punica

294 2705 528 2775 quamvis
561 2722 658 2763 non
691 2707 837 2757 valde
867 2711 1167 2767 commotus,
1215 2711 1411 2769 tamen,
1457 2721 1566 2756 cum
1605 2703 1859 2755 Hannibal
1901 2704 1975 2756 ad

288 2791 520 2844 pugnam
555 2770 668 2835 suos
699 2779 860 2830 variis
894 2777 1054 2829 modis
1091 2772 1360 2843 laceffiret,
1393 2774 1638 2844 confilium
1661 2776 1823 2841 capit,
1861 2792 1973 2826 eum

296 2846 437 2900 intra
458 2847 599 2899 colles
625 2855 673 2898 et
695 2849 953 2919 angustias
979 2849 1251 2900 claudendi.
1333 2845 1443 2916 Quo
1481 2847 1678 2913 cognito
1715 2847 1977 2901 Hannibal

296 2918 572 2987 Magonem
591 2917 820 2985 fratrem
851 2921 910 2973 de
942 2920 1053 2972 dolo
1085 2922 1367 2979 contrario,
1413 2935 1555 2987 quem
1580 2919 1850 2970 meditatus
1857 2917 1974 2987 fue-

294 2991 399 3051 rit,
422 2991 693 3042 certiorem
715 2990 889 3058 facit.-
941 2992 1086 3044 boves
1105 2988 1371 3059 sarmenta
1402 2988 1593 3058 incensa
1624 2991 1856 3042 cornibus
1886 3008 1974 3060 ge·

296 3068 464 3113 rentes
482 3059 541 3127 se
562 3059 732 3130 versus
753 3064 916 3132 eastra
939 3063 1144 3134 bostium
1172 3061 1483 3132 emiffurum‚
1514 3062 1587 3131 stc
1608 3059 1760 3127 sore,
1794 3071 1851 3113 ut
1875 3073 1972 3113 ter-

295 3149 413 3202 rore
433 3133 657 3201 compulsi
682 3141 732 3185 et
753 3134 946 3188 turbati
979 3153 1004 3188 e
1026 3134 1235 3187 latebris
1258 3133 1560 3186 excederent.
1670 3133 1784 3185 Iam
1809 3135 1975 3201 Mago

297 3202 577 3257 Marax'em
611 3205 662 3255 in
697 3209 908 3257 tentorio
937 3206 1259 3258 dormientem
1279 3207 1495 3264 excitat,
1541 3212 1589 3256 et
1615 3205 1687 3256 ad
1720 3205 1973 3257 Hanniba·

297 3275 363 3327 lis
369 3273 612 3342 fraudem
621 3273 791 3342 fidulo
813 3276 1151 3331 adiuvandam
1173 3277 1420 3328 admonet.
1485 3276 1606 3327 Tum
1631 3278 1776 3329 ambo
1795 3276 1974 3329 Acher-

297 3362 413 3399 ram
439 3347 659 3415 adeunt,
703 3350 749 3401 ei
782 3349 1024 3418 confilium
1061 3349 1326 3418 aperiunt,
1355 3344 1641 3418 sociumque
1671 3351 1835 3415 operis
1869 3345 1971 3415 pos-

1840 3428 1972 3471 cunt.
