2118 3840
67 2780 70 2781 ’
121 2776 243 2827 dore.

557 225 1055 326 pvm‘convm
1106 262 1256 319 ΜΒ.
1294 264 1388 324 ιν.

1056 126 1070 135 ,
1143 102 1193 136 is·

1711 287 1815 343 217

130 411 346 498 Spicula
398 410 549 474 saeva
584 409 755 483 ferae,
793 411 1065 497 telumque
1106 414 1163 470 in
1202 404 1418 471 irulnere
1460 410 1668 499 linquit.

130 497 367 566 Stridore
407 497 692 562 horrisono
739 503 1100 582 penetrantem
1138 494 1361 579 cuspidis
1403 502 1572 563 ictum

129 587 290 651 Belua
334 584 696 670 prosequitur,
745 586 972 646 laceram

127 674 341 734 Attollit
385 670 652 748 frontem,
696 696 754 731 ac
793 669 940 754 lapso

974 605 1078 730 que
1124 605 1312 644 cruore
1352 585 1577 666 profuso

1683 591 1802 673 615

1013 687 1062 730 at
1104 685 1245 752 terga
1291 673 1564 754 magistrO.

128 761 286 821 Tum
329 782 454 819 vero
491 759 744 821 invadunt
786 758 962 818 iaculis
1013 757 1295 838 crebraque
1333 755 1534 840 sagitta,

126 845 261 908 Aufi
305 849 408 904 iam
438 843 639 930 sperare
675 867 893 914 necem,
931 840 1325 926 immensosque
1362 867 1455 926 per
1487 868 1667 910 armos

127 933 199 994 Et
226 933 448 994 laterum
486 948 723 993 extentus
761 937 904 992 venit
940 948 1046 989 atra
1085 928 1296 1012 cuspide
1334 930 1538 993 vulnuS.

123 1021 239 1079 Stat
261 1019 426 1079 multa
454 1026 504 1079 in
531 1036 682 1101 tergo
713 1036 761 1077 et
787 1021 1016 1097 nigranti
1043 1016 1220 1076 lancea
1247 1014 1424 1088 dors0,

1679 1023 1805 1082 620

129 1113 217 1169 Ac
261 1104 445 1165 [ilvam
488 1111 789 1189 ingentem,
842 1099 1095 1164 concuffo
1132 1124 1385 1183 corpore,
1425 1105 1620 1165 vibrat:

128 1193 349 1259 Donec,
385 1190 670 1251 consumtis
707 1191 878 1270 longo
913 1194 1200 1249 certamine
1234 1188 1367 1260 telis,

128 1275 415 1347 Concidit,
456 1296 506 1337 et
543 1275 723 1337 clausit
758 1299 954 1358 magna
994 1274 1123 1335 vada
1163 1273 1329 1357 pressa
1367 1281 1532 1338 ruina.
1576 1280 1579 1282 ’

213 1366 351 1423 Ecce
389 1386 482 1446 per
524 1360 830 1432 adversum,
874 1383 1177 1446 quanquam
1216 1361 1412 1422 tardata
1451 1377 1734 1425 morantur

21 1458 27 1491 ¹'
113 1437 364 1510 ¹Vulnere
390 1451 633 1510 membra
659 1454 854 1518 virum,
900 1446 1030 1519 subit
1059 1448 1409 1530 implacabilis
1433 1473 1652 1511 amnem
1679 1457 1800 1531 625

125 1539 339 1618 Scipio,
385 1554 441 1607 et¹
463 1541 756 1597 innumeris
782 1532 989 1595 infestat
1026 1533 1269 1594 caedibus
1303 1535 1529 1598 hostem.

125 1623 492 1702 Corporibus,
524 1619 826 1705 clypeisque
855 1619 1044 1692 simul,
1085 1620 1351 1705 galeisque
1387 1623 1672 1688 cadentum

123 1713 442 1793 Contegitur
476 1711 711 1782 Trebia,
747 1726 796 1770 et
827 1712 912 1770 vix
938 1730 1150 1769 cernere
1174 1709 1431 1794 linquitur
1455 1710 1636 1773 undas.

941 1798 1075 1870 05

1686 1799 1808 1858 Ma-

294 1965 402 2018 619..
433 1961 621 2014 extenfies
654 1964 769 2017 vulg.
822 1964 939 2018 quod
988 1962 1204 2004 servarunt
1248 1963 1437 2017 reliquae
1478 1964 1597 2009 editt.
1645 1977 1812 2018 praeter

237 2022 375 2064 Parm.
406 2035 516 2075 quae
538 2021 708 2061 exhibet
728 2033 918 2062 extentus
941 2035 1035 2061 cum
1065 2021 1183 2060 libris
1205 2018 1380 2072 scriptis,

1529 2023 1608 2076 623
1617 2051 1628 2062 .
1658 2036 1810 2075 magna

236 2083 348 2118 vada
383 2078 514 2133 pressa
547 2078 718 2118 Medius
741 2091 790 2118 ex
817 2077 977 2120 Colon.
1005 2078 1274 2125 emendavit,
1319 2091 1395 2129 pro
1428 2078 1547 2131 vulg.
1573 2093 1717 2131 magna
1738 2084 1812 2121 de·

96 2138 101 2142 “
237 2135 386 2189 preffiz.

118 2273 292 2326 adfert.
349 2301 419 2316 -—
518 2273 640 2330 612.
688 2274 928 2346 affurgens,

119 2350 363 2416 impetum,
381 2349 570 2412 cogita,
618 2364 714 2418 quo
749 2349 925 2397 hastam

35 2446 37 2451 ·
120 2418 354 2472 vibravit.
438 2417 661 2469 pleniore
713 2417 925 2478 formuia

38 2543 41 2549 ⁴
119 2487 299 2554 Virgil.
345 2489 576 2562 affingere*
602 2492 767 2542 dextra
806 2494 924 2544 Aen.

38 2570 42 2611 1
118 2562 183 2623 X,
207 2577 329 2631 797.
368 2560 515 2614 ¹Hem
547 2563 711 2633 paffim
741 2564 926 2614 varian-

34 2659 48 2680 s
121 2643 219 2686 tur.

193 2704 227 2758 6
238 2721 256 2757 1
266 2718 310 2772 4.
355 2688 652 2775 ProfiQuitur
673 2707 805 2758 iflum
816 2704 928 2770 stri-

321 2777 450 2825 Haec
480 2779 624 2841 iunge
719 2775 927 2828 Percussa

119 2846 420 2900 horrendum
465 2844 723 2900 clamorem
757 2847 927 2898 edidit.

31 2938 33 2945 ’
119 2919 371 2972 Stridorem
395 2918 454 2968 de
477 2917 684 2978 clamore
702 2918 928 2990 elephan-

39 3005 43 3010 ’
120 2992 163 3048 ti
206 2991 328 3042 dixit
362 3008 553 3058 quoque
592 2990 719 3045 Flor.
760 2996 799 3049 1.
847 2998 926 3054 18.

125 3078 206 3117 12.
279 3066 333 3112 In
359 3061 485 3131 seqq.
511 3075 654 3131 pecta
683 3066 734 3113 in
764 3078 927 3113 mente

50 3148 58 3182 1.
118 3135 290 3186 habuit
315 3131 419 3183 loca
447 3133 622 3198 Virgil.
652 3138 708 3187 A.
733 3139 790 3194 X,
807 3141 925 3202 892,

59 3203 65 3260 ζΙ
119 3205 351 3277 X1,638.
384 3204 514 3274 seqq.
577 3202 640 3258 cf.
678 3205 799 3261 infr⁴
840 3205 927 3260 lib.

53 3340 59 3352 ,
120 3278 208 3340 lx,
234 3290 354 3346 595.
391 3304 462 3318 —-
569 3277 688 3346 6¹9.
736 3279 928 3330 laterum

55 3385 70 3403 2
121 3366 359 3408 extentus,
397 3346 547 3405 latera
578 3351 724 3410 vasta,
766 3361 928 3400 exten-

43 3460 46 3466 ,
120 3417 202 3480 sa,
249 3433 300 3470 ut
341 3418 568 3471 obtentum
599 3422 794 3487 frondis
836 3439 926 3491 pro

69 3535 74 3539 .
123 3489 383 3547 frondibus
419 3493 631 3545 obtentis
661 3492 841 3561 virgil.
862 3497 928 3549 A.

998 2274 1079 2333 XI.
1104 2274 1188 2330 66.
1225 2304 1290 2317 —
1367 2274 1490 2330 621.
1513 2275 1695 2348 stivam,
1723 2294 1810 2327 no-

998 2359 1046 2398 ta
1068 2348 1380 2417 metaphora,
1416 2350 1468 2397 in
1504 2346 1712 2400 telorum
1737 2352 1810 2399 in·

997 2420 1299 2470 haerentium
1323 2423 1516 2487 corpori
1540 2418 1811 2471 multitudi-

998 2510 1074 2544 ne.
1150 2489 1342 2541 Plenius
1378 2491 1503 2540 dixit
1549 2491 1720 2555 Virgil.
1755 2495 1810 2545 A.

998 2565 1060 2625 X,
1088 2568 1207 2630 887.
1234 2563 1398 2630 silvam
1441 2569 1664 2633 ingentem
1702 2566 1812 2614 telo·

999 2651 1131 2695 rum,
1181 2650 1325 2700 quem
1386 2631 1544 2684 locum
1586 2635 1708 2685 Silio
1749 2633 1812 2685 ad

1001 2723 1168 2755 manus
1198 2703 1352 2767 fuisse,
1389 2708 1718 2768 antecedentia
1741 2718 1812 2757 et.

999 2778 1098 2827 iam
1124 2779 1384 2837 evincunt,
1421 2795 1479 2827 ex
1505 2775 1596 2828 illo
1621 2777 1811 2848 expres·

998 2848 1074 2911 sa..
1135 2847 1190 2898 cf
1239 2851 1355 2897 Aen.
1383 2852 1467 2913 111,
1493 2850 1578 2916 46.
1615 2863 1663 2901 et
1689 2855 1810 2905 Stat.

996 2920 1168 2972 Theb.
1195 2923 1254 2980 V,
1283 2934 1399 2988 532.
1440 2949 1508 2961 —
1560 2921 1810 2988 623.clau-

982 2992 1050 3058 snt
1071 2993 1210 3052 vada,
1245 3005 1353 3060 apte
1366 2991 1424 3040 ad
1445 2995 1693 3058 ingentem
1707 2992 1810 3044 bel·

998 3063 1107 3114 luae
1141 3060 1353 3122 molem,
1402 3082 1496 3131 qua
1544 3065 1695 3115 veluti
1728 3083 1811 3116 ex-

998 3135 1152 3206 pletus
1178 3148 1226 3185 et
1255 3136 1518 3187 obstructus
1554 3138 1696 3187 fluvii
1740 3136 1810 3187 ai-

1000 3225 1113 3262 veus
1144 3207 1310 3257 fuerit.
1363 3225 1408 3261 v.
1451 3208 1569 3260 infr.
1607 3207 1692 3263 lib.
1721 3213 1810 3274 VI,

1000 3295 1121 3348 707.
1158 3281 1243 3335 XI.
1276 3285 1385 3345 138.

1068 3350 1188 3418 624.
1213 3349 1342 3418 seqq.
1389 3351 1667 3421 Scipionem
1703 3369 1809 3402 cae-

998 3420 1078 3472 des
1113 3423 1200 3471 hac
1229 3440 1385 3490 pugna
1407 3425 1659 3487 edentem,
1693 3442 1812 3493 poe·

999 3506 1101 3547 tam
1135 3493 1216 3545 sua
1250 3493 1419 3566 sponte
1459 3495 1676 3556 finxiss'c,
1713 3501 1812 3545 iam

1586 3569 1816 3620 Draken-
