2118 3840
325 164 427 208 202

786 144 844 200 C.
913 145 1123 202 leu
1191 147 1530 206 ITALICI
1628 178 1639 200 -.

403 296 652 355 Exoritur
686 292 849 350 rabies
883 290 1138 366 caedum,
1171 316 1235 353 ae
1264 298 1348 355 vix
1387 292 1489 355 tela
1524 293 1695 360 furori

318 375 627 447 Sufficiunt,
663 384 843 437 teritur
880 382 1068 439 iuuetis
1102 379 1436 439 umbonibus
1447 384 1651 454 umbo,-

315 466 510 546 Pesque
533 463 725 546 pedem
750 470 973 545 premit,
1025 481 1076 522 et
1109 483 1343 525 nutantes
1378 466 1566 527 casside
1589 471 1769 530 cristae
1856 491 1973 554 355

316 551 592 615 Hostilem
632 551 862 610 tremulo
897 548 1105 631 pulsant
1149 556 1436 611 conamine
1471 550 1725 616 frontem.

315 642 637 720 'lergemini
675 642 910 717 primam
950 651 1067 696 ante
1102 641 1269 697 aciem
1307 635 1436 704 fera
1457 642 1657 719 proelia
1691 640 1873 704 fratres

311 722 644 793 Miscebant,
688 745 816 805 quos
849 720 1053 782 Ledaeo
1091 720 1306 783 Sidonia
1346 726 1508 785 Barce

312 812 625 891 Xanthippo
661 807 791 870 felix
825 813 952 868 uteri
993 813 1126 868 inter
1163 809 1298 869 bella
1333 827 1544 873 crearat.

306 898 414 959 Res
444 899 648 965 Graiae,
671 894 960 978 duetorqne
982 917 1194 976 parem,
1228 918 1286 955 ae
1313 898 1500 958 nobile
1524 897 1789 974 Amyclae
1856 898 1976 970 360

308 986 562 1053 Nomen,
598 1000 647 1042 et
683 986 898 1043 iniectus
935 985 1197 1062 Spartanis
1237 982 1381 1042 colla
1415 988 1606 1045 catenis

306 1068 542 1150 Regulus
584 1068 835 1128 inflabant
876 1074 1034 1131 veteri
1075 1066 1374 1148 praecordia
1411 1066 1583 1131 fatua:

305 1159 482 1216 Marte
516 1156 739 1236 probare
771 1175 961 1236 genus,
996 1152 1248 1237 fac‘iisque
1282 1151 1488 1219 [aeona
1529 1174 1804 1237 parentem
1867 1173 1873 1178 '

303 1241 608 1321 Ardebant,
638 1238 948 1326 gelidosque
980 1239 1176 1304 dehinc
1211 1237 1434 1305 invisere
1466 1260 1678 1305 montes
1740 1279 1742 1282 v

468 1495 567 1548 361.
599 1494 681 1545 e'nfi·
684 1505 748 1535 νη.
741 1508 773 1534 3
794 1495 900 1539 colla
920 1494 1034 1539 coni.

414 1566 512 1592 cum
538 1553 758 1591 nonnius
784 1555 901 1594 editt.

296 1703 349 1744 et
380 1695 645 1761 Campanos
681 1690 874 1740 fluentis
907 1692 1103 1744 tacitum

297 1762 485 1815 cursum
519 1762 656 1830 saepe
693 1775 863 1830 poetae
896 1779 1101 1813 comme-

294 1847 501 1887 morant
551 1837 720 1887 Horat.
755 1834 911 1897 Od.1,
940 1850 1019 1899 31.
1052 1847 1139 1886 et

292 1906 415 1962 infr
443 1907 690 1967 lib.V111‚
717 1920 838 1972 401.
865 1919 985 1973 402.
1030 1937 1096 1950 --

292 1991 413 2048 353.
465 1994 670 2045 pugnam
707 1976 1098 2029 consertiffimam

293 2049 551 2110 describit,
605 2051 734 2098 notis
756 2051 809 2098 in
836 2067 892 2099 ea
915 2065 966 2098 re
991 2049 1098 2100 for-

290 2120 452 2176 mulis.
535 2123 807 2172 Praeiverat
855 2126 1097 2173 Homerus
1115 2139 1120 2143 ·

285 2193 344 2248 ΙΙ
372 2213 414 2255 ν,
447 2208 560 2259 130.
606 2203 655 2242 et
683 2190 856 2255 Virgil.
882 2194 940 2249 Χ
974 2193 1096 2260 361.

287 2264 428 2319 Alias
455 2265 742 2315 variationes
767 2261 828 2314 cf.
858 2263 973 2313 infr.
1006 2262 1099 2318 lib.

285 2342 349 2397 v,
392 2342 509 2398 218
566 2334 648 2394 IX,
686 2349 801 2401 322.
855 2347 903 2383 et
943 2334 1090 2386 Ovid.

282 2412 401 2461 Met.
439 2410 524 2470 IX,
558 2419 642 2477 44.
706 2403 864 2455 Valet.
907 2405 978 2460 Fl.
1004 2409 1091 2469 Vl,

288 2478 404 2547 183.
440 2491 488 2528 et
507 2480 685 2528 Lucan.
711 2479 796 2538 lv,
817 2488 940 2545 777,
958 2443 1091 2546 seqq,

361 2564 482 2619 357.
537 2549 764 2616 Sequitur
797 2550 1089 2613 tergemino.

263 2610 404 2675 rum
412 2622 485 2672 ab·
495 2633 718 2688 utraque
728 2631 861 2686 parte
882 2619 1105 2674 fratrum.

279 2712 471 2765 pugna,
514 2691 574 2741 ad
595 2689 873 2760 exemplum
889 2692 1086 2761 quidem

277 2765 601 2819 Horatiorum
664 2774 712 2812 et
758 2764 1088 2816 Curiatiorum

279 2836 488 2890 fratrum
512 2833 688 2888 inserta
721 2851 779 2882 ex
802 2835 908 2887 Liv.
933 2838 973 2896 Ι,
1001 2837 1086 2894 26

245 2954 251 2958 .
280 2921 334 2959 nt
362 2911 460 2958 iam
484 2903 666 2958 Marsus
694 2907 909 2958 notavit.
944 2909 1084 2959 Eius-

279 2980 416 3031 modi
442 2978 629 3037 scenae,
677 2994 783 3030 cum
819 2979 981 3028 varios
1005 2994 1085 3029 or

277 3064 416 3102 natus
446 3049 782 3111 admitterent,
829 3061 877 3098 et
898 3047 1082 3103 miseri

252 3114 473 3179 ”cordiae
494 3120 937 3187 admirationisque
946 3117 1080 3176 sensu

226 3214 229 3217 ¹
277 3209 465 3247 animos
490 3207 687 3246 movere
729 3188 940 3259 possent,
977 3190 1081 3242 nul·

1057 1495 1103 1538 Ρ.
1129 1495 1321 1541 Burman.

931 1563 972 1592 et
994 1552 1151 1594 Cellar.

1118 3064 1122 3071 ‘
1152 3061 1251 3099 tum
1285 3017 1604 3103 herebat-

1819 1327 1974 1407 Tay.

1487 1499 1588 1553 362.
1620 1497 1971 1555 inflabaeColon.

1174 1694 1261 1744 bus
1289 1710 1477 1744 carmen
1503 1692 1828 1760 distingueret.
1882 1697 1976 1746 Ge·

1173 1768 1332 1816 minos
1387 1764 1555 1816 saltem
1613 1766 1786 1818 fratres
1833 1764 1973 1817 multi

1166 1837 1527 1958 produxerunt,
1597 1851 1650 1888 ut
1693 1836 1866 1903 Virgil
1914 1841 1971 1893 A.

1170 1910 1230 1968 X,
1261 1924 1374 1979 390.
1395 1909 1522 1979 seqq.
1559 1907 1973 1977 Lucan.111,603.

1166 1981 1282 2032 Stat
1309 1983 1414 2033 Th.
1445 1984 1525 2041 VI,
1561 1996 1680 2048 340.
1739 1983 1824 2042 IX,
1851 1996 1972 2051 292.

1167 2050 1296 2120 seqq
1346 2051 1495 2105 Ovid.
1532 2056 1646 2104 Met.
1669 2057 1730 2115 V,
1760 2070 1872 2122 ¹07·
1921 2063 1972 2105 et

1165 2122 1249 2175 Sil
1277 2123 1398 2192 supr.
1421 2123 1505 2176 lib.
1526 2126 1598 2186 ΙΙ,
1614 2119 1734 2191 636.
1753 2124 1883 2194 seqq.
1901 2153 1966 2168 -·
2051 2145 2053 2150 ’

1170 2195 1414 2262 Xanthippi
1441 2196 1603 2249 Ledaei
1624 2198 1859 2267 Spartani,
1869 2214 1968 2264 quo

1163 2264 1281 2314 duce
1318 2265 1456 2329 Attii.
1493 2266 1696 2331 Regulus
1728 2270 1880 2317 viflus
1904 2270 1969 2320 est

1162 2335 1295 2387 bello
1318 2339 1497 2388 Punico
1521 2341 1699 2406 primo,
1714 2336 1864 2389 filios
1879 2341 1963 2388 fin·
2106 2368 2107 2371 =

1161 2409 1248 2472 git.
1297 2425 1345 2462 v.
1380 2407 1506 2476 supr.
1538 2409 1621 2462 lib.
1644 2412 1707 2470 11,
1741 2425 1861 2478 434.
1913 2422 1962 2462 et
2100 2436 2101 2439 ¹

1161 2476 1220 2528 de
1247 2477 1428 2543 Regulo
1460 2477 1542 2528 lib
1568 2483 1627 2541 ΙΙ,
1650 2496 1774 2569 343
1803 2494 1851 2531 et
1876 2482 2056 2546 V1,'
2092 2520 2095 2527 .

1163 2563 1281 2618 504.
1319 2580 1379 2593 -
1422 2551 1548 2613 felix
1577 2558 1696 2602 uteri
1721 2546 1975 2612 εὔτεκνος..

1232 2619 1361 2688 360
1377 2620 1463 2676 66.
1511 2626 1546 2671 E
1586 2621 1729 2674 Bello
1755 2623 1961 2688 gloriam

1157 2695 1449 2759 reportaturi
1464 2697 1719 2757 tergemini
1731 2693 1806 2745 illi
1825 2699 1960 2767 Spar

1158 2775 1254 2813 tam
1279 2765 1435 2815 redire
1455 2767 1558 2833 post
1581 2782 1655 2816 ree
1672 2768 1862 2819 fortiter
1881 2782 1960 2833 ge-

1157 2837 1243 2884 stas
1284 2839 1333 2884 in
1372 2838 1538 2888 animo
1571 2837 1821 2893 habebant.

1160 2907 1248 2957 Res
1275 2907 1460 2968 Graiae,
1495 2907 1625 2962 fama
1651 2911 1819 2960 virtut·
1805 2909 1957 2972 ·sbel·

1154 2976 1303 3040 licere,
1359 2997 1451 3048 qua
1511 2982 1738 3057 inprimis
1790 2984 1954 3051 Sparta

1711 3053 1787 3103 De
1819 3059 1953 3118 Amy-

1151 3122 1226 3171 cli,-
1253 3121 1351 3172 vid.
1375 3122 1435 3173 ad
1457 3113 1544 3177 lib.
1571 3124 1702 3182 VIII,
1731 3137 1847 3190 530
1882 3152 1950 3164 —

1153 3192 1273 3259 364.
1322 3197 1428 3242 Vna
1475 3192 1706 3243 sententia
1743 3196 1950 3263 Spartam

1883 2867 1955 2884 -ι

278 3265 353 3321 lus
379 3263 481 3319 fere
507 3273 753 3332 poetarum
780 3262 975 3329 quidem
1011 3261 1075 3311 la
1147 3266 1293 3314 redire
1331 3265 1483 3314 tribus
1528 3264 1686 3315 modis
1725 3270 1952 3335 variatur,

279 3338 497 3394 tinorum
530 3335 720 3397 extitit,
762 3335 880 3407 quin
915 3332 1081 3390 fimili-
1132 3331 1332 3405 meist-‘re
1362 3335 1585 3412 Taygeta,
1620 3341 1778 3395 innare
1803 3309 1952 3395 Euro:

1836 3426 1957 3476 tam,
1974 3416 1978 3420 '
