<?xml version="1.0" encoding="UTF-8"?>
<!DOCTYPE html PUBLIC "-//W3C//DTD XHTML 1.0 Transitional//EN"
    "http://www.w3.org/TR/xhtml1/DTD/xhtml1-transitional.dtd">
<html xmlns="http://www.w3.org/1999/xhtml" xml:lang="en" lang="en">
 <head>
  <title>
</title>
<meta http-equiv="Content-Type" content="text/html;charset=utf-8" />
  <meta name='ocr-system' content='tesseract 3.04.00' />
  <meta name='ocr-capabilities' content='ocr_page ocr_carea ocr_par ocr_line ocrx_word'/>
</head>
<body>
  <div class='ocr_page' id='page_1' title='image "./punicorumlibrise01siliuoft/punicorumlibrise01siliuoft_0224.png"; bbox 0 0 2118 3840; ppageno 0'>
   <div class='ocr_carea' id='block_1_1' title="bbox 307 183 406 239">
    <p class='ocr_par' dir='ltr' id='par_1_1' title="bbox 307 183 406 239">
     <span class='ocr_line' id='line_1_1' title="bbox 307 183 406 239; baseline 0 -14"><span class='ocrx_word' id='word_1_1' title='bbox 307 183 406 239; x_wconf 80' lang='lat'><strong>152</strong></span> 
     </span>
    </p>
   </div>
   <div class='ocr_carea' id='block_1_2' title="bbox 239 317 1975 1180">
    <p class='ocr_par' dir='ltr' id='par_1_2' title="bbox 239 317 1793 571">
     <span class='ocr_line' id='line_1_2' title="bbox 305 317 1665 400; baseline 0.001 -23"><span class='ocrx_word' id='word_1_2' title='bbox 305 318 374 377; x_wconf 87' lang='lat' dir='ltr'><strong>Et</strong></span> <span class='ocrx_word' id='word_1_3' title='bbox 406 322 673 375; x_wconf 84' lang='lat' dir='ltr'><strong>Venerem</strong></span> <span class='ocrx_word' id='word_1_4' title='bbox 704 317 971 378; x_wconf 85' lang='lat' dir='ltr'>occultam</span> <span class='ocrx_word' id='word_1_5' title='bbox 1008 318 1225 400; x_wconf 76' lang='lat' dir='ltr'><strong>genitali</strong></span> <span class='ocrx_word' id='word_1_6' title='bbox 1261 322 1494 399; x_wconf 84' lang='lat' dir='ltr'>concipit</span> <span class='ocrx_word' id='word_1_7' title='bbox 1525 340 1665 378; x_wconf 80' lang='lat' dir='ltr'><strong>aura.</strong></span> 
     </span>
     <span class='ocr_line' id='line_1_3' title="bbox 308 400 1778 487; baseline 0.003 -26"><span class='ocrx_word' id='word_1_8' title='bbox 308 401 409 461; x_wconf 88' lang='lat' dir='ltr'><strong>Sed</strong></span> <span class='ocrx_word' id='word_1_9' title='bbox 437 425 549 461; x_wconf 89' lang='lat' dir='ltr'><strong>non</strong></span> <span class='ocrx_word' id='word_1_10' title='bbox 579 402 744 462; x_wconf 79' lang='lat' dir='ltr'><strong>multa</strong></span> <span class='ocrx_word' id='word_1_11' title='bbox 767 403 874 463; x_wconf 84' lang='lat' dir='ltr'><strong>dies</strong></span> <span class='ocrx_word' id='word_1_12' title='bbox 900 400 1108 485; x_wconf 81' lang='lat' dir='ltr'><strong>generi:</strong></span> <span class='ocrx_word' id='word_1_13' title='bbox 1151 420 1501 487; x_wconf 81' lang='lat' dir='ltr'><strong>properatque</strong></span> <span class='ocrx_word' id='word_1_14' title='bbox 1528 403 1778 474; x_wconf 50' lang='lat' dir='ltr'><strong>senez-sius,</strong></span> 
     </span>
     <span class='ocr_line' id='line_1_4' title="bbox 239 489 1793 571; baseline 0.004 -24"><span class='ocrx_word' id='word_1_15' title='bbox 239 519 243 523; x_wconf 49' lang='lat'>*</span> <span class='ocrx_word' id='word_1_16' title='bbox 306 491 657 571; x_wconf 79' lang='lat' dir='ltr'><strong>Septim-aque</strong></span> <span class='ocrx_word' id='word_1_17' title='bbox 685 494 762 547; x_wconf 83' lang='lat' dir='ltr'><strong>his</strong></span> <span class='ocrx_word' id='word_1_18' title='bbox 802 491 1009 563; x_wconf 79' lang='lat' dir='ltr'><strong>stabulis</strong></span> <span class='ocrx_word' id='word_1_19' title='bbox 1043 490 1349 571; x_wconf 84' lang='lat' dir='ltr'><strong>longiffima</strong></span> <span class='ocrx_word' id='word_1_20' title='bbox 1384 489 1585 550; x_wconf 78' lang='lat' dir='ltr'><strong>ducitur</strong></span> <span class='ocrx_word' id='word_1_21' title='bbox 1620 493 1793 553; x_wconf 78' lang='lat' dir='ltr'><strong>aestas.</strong></span> 
     </span>
    </p>

    <p class='ocr_par' dir='ltr' id='par_1_3' title="bbox 302 578 1975 1180">
     <span class='ocr_line' id='line_1_5' title="bbox 393 578 1708 638; baseline 0.005 -7"><span class='ocrx_word' id='word_1_22' title='bbox 393 580 461 631; x_wconf 81' lang='lat' dir='ltr'><strong>At</strong></span> <span class='ocrx_word' id='word_1_23' title='bbox 501 595 611 633; x_wconf 89' lang='lat' dir='ltr'><strong>non</strong></span> <span class='ocrx_word' id='word_1_24' title='bbox 659 578 975 636; x_wconf 85' lang='lat' dir='ltr'><strong>Sarmaticos</strong></span> <span class='ocrx_word' id='word_1_25' title='bbox 1008 578 1249 636; x_wconf 85' lang='lat' dir='ltr'><strong>attollens</strong></span> <span class='ocrx_word' id='word_1_26' title='bbox 1285 582 1492 636; x_wconf 84' lang='lat' dir='ltr'><strong>anma</strong></span> <span class='ocrx_word' id='word_1_27' title='bbox 1527 599 1708 638; x_wconf 87' lang='lat' dir='ltr'><strong>muros</strong></span> 
     </span>
     <span class='ocr_line' id='line_1_6' title="bbox 304 659 1962 772; baseline 0.005 -55"><span class='ocrx_word' id='word_1_28' title='bbox 304 659 453 717; x_wconf 85' lang='lat' dir='ltr'><strong>Tam</strong></span> <span class='ocrx_word' id='word_1_29' title='bbox 481 660 678 720; x_wconf 85' lang='lat' dir='ltr'><strong>levibus</strong></span> <span class='ocrx_word' id='word_1_30' title='bbox 711 660 954 742; x_wconf 85' lang='lat' dir='ltr'><strong>persultat</strong></span> <span class='ocrx_word' id='word_1_31' title='bbox 987 668 1145 744; x_wconf 82' lang='lat' dir='ltr'><strong>equis.</strong></span> <span class='ocrx_word' id='word_1_32' title='bbox 1201 667 1347 723; x_wconf 87' lang='lat' dir='ltr'><strong>Hinc</strong></span> <span class='ocrx_word' id='word_1_33' title='bbox 1370 668 1511 723; x_wconf 86' lang='lat' dir='ltr'><strong>venit</strong></span> <span class='ocrx_word' id='word_1_34' title='bbox 1544 668 1599 723; x_wconf 89' lang='lat' dir='ltr'><strong>in</strong></span> <span class='ocrx_word' id='word_1_35' title='bbox 1633 686 1780 724; x_wconf 82' lang='lat' dir='ltr'><strong>arma</strong></span> <span class='ocrx_word' id='word_1_36' title='bbox 1845 677 1962 772; x_wconf 73' lang='lat'><strong>385</strong></span> 
     </span>
     <span class='ocr_line' id='line_1_7' title="bbox 303 726 1664 832; baseline 0.002 -27"><span class='ocrx_word' id='word_1_37' title='bbox 303 744 468 805; x_wconf 85' lang='lat' dir='ltr'><strong>Haud</strong></span> <span class='ocrx_word' id='word_1_38' title='bbox 504 752 615 806; x_wconf 89' lang='lat' dir='ltr'><strong>aevi</strong></span> <span class='ocrx_word' id='word_1_39' title='bbox 661 745 864 828; x_wconf 82' lang='lat' dir='ltr'><strong>fragilis</strong></span> <span class='ocrx_word' id='word_1_40' title='bbox 898 746 1135 830; x_wconf 69' lang='lat' dir='ltr'><strong>sonipe3‚</strong></span> <span class='ocrx_word' id='word_1_41' title='bbox 1179 726 1447 831; x_wconf 84' lang='lat' dir='ltr'><strong>crudoque</strong></span> <span class='ocrx_word' id='word_1_42' title='bbox 1482 754 1664 832; x_wconf 81' lang='lat' dir='ltr'><strong>vigore</strong></span> 
     </span>
     <span class='ocr_line' id='line_1_8' title="bbox 303 829 1663 918; baseline 0.003 -28"><span class='ocrx_word' id='word_1_43' title='bbox 303 829 472 912; x_wconf 81' lang='lat' dir='ltr'><strong>Aspei</strong></span> <span class='ocrx_word' id='word_1_44' title='bbox 512 830 661 892; x_wconf 84' lang='lat' dir='ltr'><strong>frena</strong></span> <span class='ocrx_word' id='word_1_45' title='bbox 697 839 834 915; x_wconf 78' lang='lat' dir='ltr'><strong>pati</strong></span> <span class='ocrx_word' id='word_1_46' title='bbox 872 853 959 894; x_wconf 85' lang='lat' dir='ltr'><strong>aut</strong></span> <span class='ocrx_word' id='word_1_47' title='bbox 992 835 1128 896; x_wconf 87' lang='lat' dir='ltr'><strong>iuffis</strong></span> <span class='ocrx_word' id='word_1_48' title='bbox 1165 857 1346 917; x_wconf 82' lang='lat' dir='ltr'><strong>parere</strong></span> <span class='ocrx_word' id='word_1_49' title='bbox 1385 836 1663 918; x_wconf 81' lang='lat' dir='ltr'><strong>magistris.</strong></span> 
     </span>
     <span class='ocr_line' id='line_1_9' title="bbox 302 917 1888 1002; baseline 0.003 -24"><span class='ocrx_word' id='word_1_50' title='bbox 302 917 633 993; x_wconf 80' lang='lat' dir='ltr'><strong>Rhyndacus</strong></span> <span class='ocrx_word' id='word_1_51' title='bbox 667 923 748 978; x_wconf 87' lang='lat' dir='ltr'><strong>his</strong></span> <span class='ocrx_word' id='word_1_52' title='bbox 787 919 1010 993; x_wconf 65' lang='lat' dir='ltr'><strong>ductor3</strong></span> <span class='ocrx_word' id='word_1_53' title='bbox 1056 922 1223 983; x_wconf 87' lang='lat' dir='ltr'><strong>telum</strong></span> <span class='ocrx_word' id='word_1_54' title='bbox 1261 919 1453 1002; x_wconf 86' lang='lat' dir='ltr'><strong>sparus.</strong></span> <span class='ocrx_word' id='word_1_55' title='bbox 1511 927 1622 982; x_wconf 89' lang='lat' dir='ltr'><strong>Ore</strong></span> <span class='ocrx_word' id='word_1_56' title='bbox 1649 918 1888 982; x_wconf 87' lang='lat' dir='ltr'><strong>ferarum</strong></span> 
     </span>
     <span class='ocr_line' id='line_1_10' title="bbox 302 1006 1641 1088; baseline 0.001 -23"><span class='ocrx_word' id='word_1_57' title='bbox 302 1006 370 1065; x_wconf 86' lang='lat' dir='ltr'><strong>Et</strong></span> <span class='ocrx_word' id='word_1_58' title='bbox 408 1008 540 1065; x_wconf 52' lang='lat' dir='ltr'><strong>ricffu</strong></span> <span class='ocrx_word' id='word_1_59' title='bbox 573 1006 882 1067; x_wconf 86' lang='lat' dir='ltr'><strong>horrificant</strong></span> <span class='ocrx_word' id='word_1_60' title='bbox 911 1007 1112 1088; x_wconf 84' lang='lat' dir='ltr'><strong>galeas;</strong></span> <span class='ocrx_word' id='word_1_61' title='bbox 1154 1009 1417 1068; x_wconf 86' lang='lat' dir='ltr'><strong>venatibus</strong></span> <span class='ocrx_word' id='word_1_62' title='bbox 1453 1031 1641 1067; x_wconf 83' lang='lat' dir='ltr'><strong>aevum</strong></span> 
     </span>
     <span class='ocr_line' id='line_1_11' title="bbox 304 1090 1975 1180; baseline -0.002 -25"><span class='ocrx_word' id='word_1_63' title='bbox 304 1090 664 1174; x_wconf 82' lang='lat' dir='ltr'><strong>Tranfigitur‚</strong></span> <span class='ocrx_word' id='word_1_64' title='bbox 687 1094 790 1166; x_wconf 86' lang='lat' dir='ltr'><strong>vel,</strong></span> <span class='ocrx_word' id='word_1_65' title='bbox 803 1116 968 1174; x_wconf 70' lang='lat' dir='ltr'><strong>⁴more</strong></span> <span class='ocrx_word' id='word_1_66' title='bbox 989 1112 1218 1178; x_wconf 77' lang='lat' dir='ltr'><strong>patrum,</strong></span> <span class='ocrx_word' id='word_1_67' title='bbox 1233 1099 1309 1157; x_wconf 88' lang='lat' dir='ltr'><strong>vis</strong></span> <span class='ocrx_word' id='word_1_68' title='bbox 1335 1110 1583 1180; x_wconf 81' lang='lat' dir='ltr'><strong>raptaque</strong></span> <span class='ocrx_word' id='word_1_69' title='bbox 1607 1091 1835 1178; x_wconf 82' lang='lat' dir='ltr'><strong>pascunt.</strong></span> <span class='ocrx_word' id='word_1_70' title='bbox 1854 1110 1975 1167; x_wconf 83' lang='lat'><strong>390</strong></span> 
     </span>
    </p>
   </div>
   <div class='ocr_carea' id='block_1_3' title="bbox 475 1361 1977 1416">
    <p class='ocr_par' dir='ltr' id='par_1_4' title="bbox 475 1361 1977 1416">
     <span class='ocr_line' id='line_1_12' title="bbox 475 1361 1977 1416; baseline -0.001 -15"><span class='ocrx_word' id='word_1_71' title='bbox 475 1364 575 1414; x_wconf 71' lang='lat'><em>383.</em></span> <span class='ocrx_word' id='word_1_72' title='bbox 606 1361 735 1409; x_wconf 68' lang='lat' dir='ltr'><strong>aestas</strong></span> <span class='ocrx_word' id='word_1_73' title='bbox 757 1362 920 1405; x_wconf 79' lang='lat' dir='ltr'><strong>Goion.</strong></span> <span class='ocrx_word' id='word_1_74' title='bbox 951 1375 1029 1416; x_wconf 84' lang='lat' dir='ltr'><strong>pro</strong></span> <span class='ocrx_word' id='word_1_75' title='bbox 1056 1363 1171 1415; x_wconf 82' lang='lat' dir='ltr'><strong>vulg.</strong></span> <span class='ocrx_word' id='word_1_76' title='bbox 1194 1374 1324 1406; x_wconf 78' lang='lat' dir='ltr'><strong>aetas.</strong></span> <span class='ocrx_word' id='word_1_77' title='bbox 1384 1363 1564 1414; x_wconf 70' lang='lat' dir='ltr'><strong>Quidam</strong></span> <span class='ocrx_word' id='word_1_78' title='bbox 1600 1362 1725 1402; x_wconf 76' lang='lat' dir='ltr'><strong>etiam</strong></span> <span class='ocrx_word' id='word_1_79' title='bbox 1743 1362 1875 1401; x_wconf 66' lang='lat' dir='ltr'><strong>tertia</strong></span> <span class='ocrx_word' id='word_1_80' title='bbox 1898 1374 1977 1411; x_wconf 82' lang='lat' dir='ltr'><strong>pro</strong></span> 
     </span>
    </p>
   </div>
   <div class='ocr_carea' id='block_1_4' title="bbox 404 1414 1031 1471">
    <p class='ocr_par' dir='ltr' id='par_1_5' title="bbox 404 1414 1031 1471">
     <span class='ocr_line' id='line_1_13' title="bbox 404 1414 1031 1471; baseline 0.005 -16"><span class='ocrx_word' id='word_1_81' title='bbox 404 1414 521 1468; x_wconf 75' lang='lat' dir='ltr'><strong>fipti</strong></span> <span class='ocrx_word' id='word_1_82' title='bbox 507 1432 586 1456; x_wconf 72' lang='lat' dir='ltr'><strong>lma</strong></span> <span class='ocrx_word' id='word_1_83' title='bbox 613 1418 770 1471; x_wconf 80' lang='lat' dir='ltr'><strong>legunt</strong></span> <span class='ocrx_word' id='word_1_84' title='bbox 802 1421 886 1461; x_wconf 83' lang='lat' dir='ltr'><strong>vid.</strong></span> <span class='ocrx_word' id='word_1_85' title='bbox 919 1431 1031 1459; x_wconf 83' lang='lat' dir='ltr'><strong>nott.</strong></span> 
     </span>
    </p>
   </div>
   <div class='ocr_carea' id='block_1_5' title="bbox 413 1473 1980 1812">
    <p class='ocr_par' dir='ltr' id='par_1_6' title="bbox 413 1473 1979 1812">
     <span class='ocr_line' id='line_1_14' title="bbox 415 1473 1459 1531; baseline 0.004 -20"><span class='ocrx_word' id='word_1_86' title='bbox 415 1473 513 1514; x_wconf 84' lang='lat' dir='ltr'><strong>nius</strong></span> <span class='ocrx_word' id='word_1_87' title='bbox 539 1485 582 1513; x_wconf 82' lang='lat' dir='ltr'><strong>et</strong></span> <span class='ocrx_word' id='word_1_88' title='bbox 604 1476 909 1518; x_wconf 82' lang='lat' dir='ltr'><strong>Ptolomaeus</strong></span> <span class='ocrx_word' id='word_1_89' title='bbox 900 1491 940 1516; x_wconf 81' lang='lat' dir='ltr'><strong>tn</strong></span> <span class='ocrx_word' id='word_1_90' title='bbox 970 1474 1163 1526; x_wconf 71' lang='lat' dir='ltr'><strong>liilpan&#39;ta</strong></span> <span class='ocrx_word' id='word_1_91' title='bbox 1200 1478 1459 1531; x_wconf 69' lang='lat' dir='ltr'><strong>agr-iolcum,</strong></span> 
     </span>
     <span class='ocr_line' id='line_1_15' title="bbox 414 1516 1979 1585; baseline 0.001 -17"><span class='ocrx_word' id='word_1_92' title='bbox 414 1529 617 1578; x_wconf 81' lang='lat' dir='ltr'><strong>restituit,</strong></span> <span class='ocrx_word' id='word_1_93' title='bbox 650 1545 745 1571; x_wconf 85' lang='lat' dir='ltr'><strong>cum</strong></span> <span class='ocrx_word' id='word_1_94' title='bbox 774 1532 868 1573; x_wconf 82' lang='lat' dir='ltr'><strong>libri</strong></span> <span class='ocrx_word' id='word_1_95' title='bbox 892 1533 1070 1573; x_wconf 78' lang='lat' dir='ltr'><strong>valdev</strong></span> <span class='ocrx_word' id='word_1_96' title='bbox 1049 1516 1280 1574; x_wconf 61' lang='lat' dir='ltr'><strong>variareclu</strong></span> <span class='ocrx_word' id='word_1_97' title='bbox 1322 1531 1475 1578; x_wconf 77' lang='lat' dir='ltr'><strong>Sufana</strong></span> <span class='ocrx_word' id='word_1_98' title='bbox 1516 1532 1629 1585; x_wconf 79' lang='lat' dir='ltr'><strong>vulg.</strong></span> <span class='ocrx_word' id='word_1_99' title='bbox 1666 1532 1759 1576; x_wconf 70' lang='lat' dir='ltr'><strong>lea.</strong></span> <span class='ocrx_word' id='word_1_100' title='bbox 1814 1530 1979 1571; x_wconf 78' lang='lat' dir='ltr'><strong>Suvana</strong></span> 
     </span>
     <span class='ocr_line' id='line_1_16' title="bbox 1027 1586 1979 1632; baseline -0.001 -4"><span class='ocrx_word' id='word_1_101' title='bbox 1027 1589 1221 1629; x_wconf 82' lang='lat' dir='ltr'><strong>Proxime</strong></span> <span class='ocrx_word' id='word_1_102' title='bbox 1255 1602 1352 1628; x_wconf 83' lang='lat' dir='ltr'><strong>acce</strong></span> <span class='ocrx_word' id='word_1_103' title='bbox 1332 1589 1414 1628; x_wconf 83' lang='lat' dir='ltr'><strong>ffit</strong></span> <span class='ocrx_word' id='word_1_104' title='bbox 1446 1589 1607 1628; x_wconf 76' lang='lat' dir='ltr'><strong>Goion.</strong></span> <span class='ocrx_word' id='word_1_105' title='bbox 1649 1588 1854 1632; x_wconf 80' lang='lat' dir='ltr'><strong>Suxama,</strong></span> <span class='ocrx_word' id='word_1_106' title='bbox 1901 1586 1979 1627; x_wconf 78' lang='lat' dir='ltr'><strong>ubi</strong></span> 
     </span>
     <span class='ocr_line' id='line_1_17' title="bbox 413 1643 1980 1695; baseline 0 -14"><span class='ocrx_word' id='word_1_107' title='bbox 413 1655 489 1694; x_wconf 84' lang='lat' dir='ltr'><strong>per</strong></span> <span class='ocrx_word' id='word_1_108' title='bbox 524 1657 710 1683; x_wconf 83' lang='lat' dir='ltr'><strong>errorem</strong></span> <span class='ocrx_word' id='word_1_109' title='bbox 745 1645 876 1695; x_wconf 77' lang='lat' dir='ltr'><strong>prima</strong></span> <span class='ocrx_word' id='word_1_110' title='bbox 911 1646 1030 1684; x_wconf 84' lang='lat' dir='ltr'><strong>litera</strong></span> <span class='ocrx_word' id='word_1_111' title='bbox 1068 1659 1117 1683; x_wconf 87' lang='lat' dir='ltr'><strong>ex</strong></span> <span class='ocrx_word' id='word_1_112' title='bbox 1154 1646 1284 1685; x_wconf 88' lang='lat' dir='ltr'><strong>verbo</strong></span> <span class='ocrx_word' id='word_1_113' title='bbox 1308 1645 1573 1685; x_wconf 74' lang='lat' dir='ltr'><strong>antecedenti</strong></span> <span class='ocrx_word' id='word_1_114' title='bbox 1608 1656 1768 1694; x_wconf 79' lang='lat' dir='ltr'><strong>arrepta</strong></span> <span class='ocrx_word' id='word_1_115' title='bbox 1798 1643 1980 1693; x_wconf 86' lang='lat' dir='ltr'><strong>videtur</strong></span> 
     </span>
     <span class='ocr_line' id='line_1_18' title="bbox 417 1700 1979 1753; baseline 0 -15"><span class='ocrx_word' id='word_1_116' title='bbox 417 1701 516 1753; x_wconf 84' lang='lat'><strong>387.</strong></span> <span class='ocrx_word' id='word_1_117' title='bbox 547 1700 649 1752; x_wconf 77' lang='lat' dir='ltr'><strong>iuffis</strong></span> <span class='ocrx_word' id='word_1_118' title='bbox 678 1701 886 1750; x_wconf 82' lang='lat' dir='ltr'><strong>magistri,</strong></span> <span class='ocrx_word' id='word_1_119' title='bbox 926 1701 1164 1740; x_wconf 78' lang='lat' dir='ltr'><strong>faciliorem</strong></span> <span class='ocrx_word' id='word_1_120' title='bbox 1189 1702 1339 1753; x_wconf 78' lang='lat' dir='ltr'><strong>utique</strong></span> <span class='ocrx_word' id='word_1_121' title='bbox 1371 1703 1598 1740; x_wconf 79' lang='lat' dir='ltr'><strong>formulam</strong></span> <span class='ocrx_word' id='word_1_122' title='bbox 1636 1701 1809 1740; x_wconf 86' lang='lat' dir='ltr'><strong>volebat</strong></span> <span class='ocrx_word' id='word_1_123' title='bbox 1842 1701 1979 1738; x_wconf 83' lang='lat' dir='ltr'><strong>Daus-</strong></span> 
     </span>
     <span class='ocr_line' id='line_1_19' title="bbox 416 1755 1974 1812; baseline 0.001 -19"><span class='ocrx_word' id='word_1_124' title='bbox 416 1757 583 1807; x_wconf 82' lang='lat' dir='ltr'><strong>queius.</strong></span> <span class='ocrx_word' id='word_1_125' title='bbox 642 1757 722 1797; x_wconf 87' lang='lat' dir='ltr'><strong>Sed</strong></span> <span class='ocrx_word' id='word_1_126' title='bbox 735 1757 952 1802; x_wconf 83' lang='lat' dir='ltr'><strong>Drakenb.</strong></span> <span class='ocrx_word' id='word_1_127' title='bbox 976 1770 1047 1797; x_wconf 88' lang='lat' dir='ltr'><strong>vu</strong></span> <span class='ocrx_word' id='word_1_128' title='bbox 1035 1758 1195 1810; x_wconf 31' lang='lat' dir='ltr'><strong>antam</strong></span> <span class='ocrx_word' id='word_1_129' title='bbox 1207 1757 1433 1799; x_wconf 69' lang='lat' dir='ltr'><strong>leffionem</strong></span> <span class='ocrx_word' id='word_1_130' title='bbox 1454 1757 1657 1812; x_wconf 80' lang='lat' dir='ltr'><strong>exemplis</strong></span> <span class='ocrx_word' id='word_1_131' title='bbox 1684 1755 1884 1797; x_wconf 78' lang='lat' dir='ltr'><strong>similibus</strong></span> <span class='ocrx_word' id='word_1_132' title='bbox 1903 1756 1974 1796; x_wconf 85' lang='lat' dir='ltr'><strong>de·</strong></span> 
     </span>
    </p>
   </div>
   <div class='ocr_carea' id='block_1_6' title="bbox 413 1586 956 1630">
    <p class='ocr_par' dir='ltr' id='par_1_7' title="bbox 413 1586 956 1630">
     <span class='ocr_line' id='line_1_20' title="bbox 413 1586 956 1630; baseline 0.002 -3"><span class='ocrx_word' id='word_1_133' title='bbox 413 1586 591 1630; x_wconf 85' lang='lat' dir='ltr'><strong>Putean.</strong></span> <span class='ocrx_word' id='word_1_134' title='bbox 635 1588 786 1628; x_wconf 83' lang='lat' dir='ltr'><strong>Saum&#39;a</strong></span> <span class='ocrx_word' id='word_1_135' title='bbox 822 1589 956 1630; x_wconf 78' lang='lat' dir='ltr'><strong>Parin.</strong></span> 
     </span>
    </p>
   </div>
   <div class='ocr_carea' id='block_1_7' title="bbox 416 1811 570 1852">
    <p class='ocr_par' dir='ltr' id='par_1_8' title="bbox 416 1811 570 1852">
     <span class='ocr_line' id='line_1_21' title="bbox 416 1811 570 1852; baseline 0 -2"><span class='ocrx_word' id='word_1_136' title='bbox 416 1811 570 1852; x_wconf 80' lang='lat' dir='ltr'><strong>fendit.</strong></span> 
     </span>
    </p>
   </div>
   <div class='ocr_carea' id='block_1_8' title="bbox 273 1953 1143 3356">
    <p class='ocr_par' dir='ltr' id='par_1_9' title="bbox 273 1953 1112 3356">
     <span class='ocr_line' id='line_1_22' title="bbox 300 1953 1106 2018; baseline 0.002 -17"><span class='ocrx_word' id='word_1_137' title='bbox 300 1967 416 2018; x_wconf 77' lang='lat' dir='ltr'><strong>gum</strong></span> <span class='ocrx_word' id='word_1_138' title='bbox 463 1962 512 2002; x_wconf 90' lang='lat' dir='ltr'><strong>et</strong></span> <span class='ocrx_word' id='word_1_139' title='bbox 559 1953 765 2002; x_wconf 80' lang='lat' dir='ltr'><strong>Durium</strong></span> <span class='ocrx_word' id='word_1_140' title='bbox 807 1953 922 2005; x_wconf 86' lang='lat' dir='ltr'><strong>fluv.</strong></span> <span class='ocrx_word' id='word_1_141' title='bbox 974 1956 1106 2003; x_wconf 84' lang='lat' dir='ltr'><strong>inco-</strong></span> 
     </span>
     <span class='ocr_line' id='line_1_23' title="bbox 298 2022 1106 2093; baseline 0.002 -21"><span class='ocrx_word' id='word_1_142' title='bbox 298 2022 467 2073; x_wconf 78' lang='lat' dir='ltr'><strong>lentes,</strong></span> <span class='ocrx_word' id='word_1_143' title='bbox 543 2026 720 2072; x_wconf 83' lang='lat' dir='ltr'><strong>Eorum</strong></span> <span class='ocrx_word' id='word_1_144' title='bbox 778 2025 870 2074; x_wconf 80' lang='lat' dir='ltr'><strong>alas</strong></span> <span class='ocrx_word' id='word_1_145' title='bbox 921 2023 1106 2093; x_wconf 83' lang='lat' dir='ltr'><strong>probat,</strong></span> 
     </span>
     <span class='ocr_line' id='line_1_24' title="bbox 300 2093 1107 2152; baseline 0 -9"><span class='ocrx_word' id='word_1_146' title='bbox 300 2104 519 2152; x_wconf 79' lang='lat' dir='ltr'><strong>exercet,</strong></span> <span class='ocrx_word' id='word_1_147' title='bbox 551 2093 925 2145; x_wconf 74' lang='lat' dir='ltr'><strong>ducitBalarus.‘</strong></span> <span class='ocrx_word' id='word_1_148' title='bbox 969 2099 1107 2146; x_wconf 83' lang='lat' dir='ltr'><strong>Tan-</strong></span> 
     </span>
     <span class='ocr_line' id='line_1_25' title="bbox 300 2164 1104 2234; baseline 0.002 -20"><span class='ocrx_word' id='word_1_149' title='bbox 300 2167 374 2229; x_wconf 83' lang='lat' dir='ltr'><strong>git</strong></span> <span class='ocrx_word' id='word_1_150' title='bbox 402 2178 544 2232; x_wconf 80' lang='lat' dir='ltr'><strong>poeta</strong></span> <span class='ocrx_word' id='word_1_151' title='bbox 574 2164 801 2224; x_wconf 77' lang='lat' dir='ltr'><strong>fabulam,</strong></span> <span class='ocrx_word' id='word_1_152' title='bbox 840 2184 934 2234; x_wconf 84' lang='lat' dir='ltr'><strong>qua</strong></span> <span class='ocrx_word' id='word_1_153' title='bbox 955 2185 1104 2234; x_wconf 87' lang='lat' dir='ltr'><strong>equae</strong></span> 
     </span>
     <span class='ocr_line' id='line_1_26' title="bbox 299 2237 1105 2312; baseline 0 -24"><span class='ocrx_word' id='word_1_154' title='bbox 299 2237 551 2288; x_wconf 76' lang='lat' dir='ltr'><strong>Lufitanae</strong></span> <span class='ocrx_word' id='word_1_155' title='bbox 574 2253 631 2312; x_wconf 61' lang='lat'><strong>5³</strong></span> <span class='ocrx_word' id='word_1_156' title='bbox 645 2239 867 2308; x_wconf 78' lang='lat' dir='ltr'><strong>Zephyro</strong></span> <span class='ocrx_word' id='word_1_157' title='bbox 891 2237 924 2293; x_wconf 94' lang='lat' dir='ltr'>s</span> <span class='ocrx_word' id='word_1_158' title='bbox 953 2241 1105 2308; x_wconf 83' lang='lat' dir='ltr'><strong>Favo-</strong></span> 
     </span>
     <span class='ocr_line' id='line_1_27' title="bbox 300 2309 1106 2378; baseline 0.002 -22"><span class='ocrx_word' id='word_1_159' title='bbox 300 2309 390 2357; x_wconf 80' lang='lat' dir='ltr'><strong>nio</strong></span> <span class='ocrx_word' id='word_1_160' title='bbox 439 2310 622 2374; x_wconf 81' lang='lat' dir='ltr'><strong>(auram</strong></span> <span class='ocrx_word' id='word_1_161' title='bbox 674 2309 912 2378; x_wconf 81' lang='lat' dir='ltr'><strong>genitalem</strong></span> <span class='ocrx_word' id='word_1_162' title='bbox 966 2319 1106 2358; x_wconf 82' lang='lat' dir='ltr'><strong>vocat</strong></span> 
     </span>
     <span class='ocr_line' id='line_1_28' title="bbox 299 2379 1106 2448; baseline 0.004 -21"><span class='ocrx_word' id='word_1_163' title='bbox 299 2385 467 2448; x_wconf 79' lang='lat' dir='ltr'><strong>poeta)</strong></span> <span class='ocrx_word' id='word_1_164' title='bbox 518 2381 770 2446; x_wconf 83' lang='lat' dir='ltr'><strong>concipere</strong></span> <span class='ocrx_word' id='word_1_165' title='bbox 814 2379 1106 2432; x_wconf 82' lang='lat' dir='ltr'><strong>ferebantur.</strong></span> 
     </span>
     <span class='ocr_line' id='line_1_29' title="bbox 299 2449 1106 2522; baseline -0.002 -21"><span class='ocrx_word' id='word_1_166' title='bbox 299 2452 398 2501; x_wconf 87' lang='lat' dir='ltr'><strong>Hic</strong></span> <span class='ocrx_word' id='word_1_167' title='bbox 409 2451 473 2501; x_wconf 89' lang='lat' dir='ltr'><strong>est</strong></span> <span class='ocrx_word' id='word_1_168' title='bbox 478 2468 598 2522; x_wconf 81' lang='lat' dir='ltr'><strong>grex</strong></span> <span class='ocrx_word' id='word_1_169' title='bbox 605 2451 794 2513; x_wconf 78' lang='lat' dir='ltr'><strong>servans</strong></span> <span class='ocrx_word' id='word_1_170' title='bbox 814 2450 989 2504; x_wconf 80' lang='lat' dir='ltr'><strong>concub.</strong></span> <span class='ocrx_word' id='word_1_171' title='bbox 998 2449 1106 2501; x_wconf 84' lang='lat' dir='ltr'><strong>-vel-</strong></span> 
     </span>
     <span class='ocr_line' id='line_1_30' title="bbox 301 2522 1106 2591; baseline 0 -21"><span class='ocrx_word' id='word_1_172' title='bbox 301 2522 376 2570; x_wconf 86' lang='lat' dir='ltr'><strong>uti</strong></span> <span class='ocrx_word' id='word_1_173' title='bbox 430 2534 622 2587; x_wconf 74' lang='lat' dir='ltr'><strong>captans</strong></span> <span class='ocrx_word' id='word_1_174' title='bbox 660 2535 804 2590; x_wconf 84' lang='lat' dir='ltr'><strong>atque</strong></span> <span class='ocrx_word' id='word_1_175' title='bbox 838 2525 1106 2591; x_wconf 65' lang='lat' dir='ltr'><strong>expeftans,</strong></span> 
     </span>
     <span class='ocr_line' id='line_1_31' title="bbox 302 2593 1105 2660; baseline 0.004 -20"><span class='ocrx_word' id='word_1_176' title='bbox 302 2594 516 2660; x_wconf 75' lang='lat' dir='ltr'><strong>quia&#39;fit</strong></span> <span class='ocrx_word' id='word_1_177' title='bbox 563 2610 693 2641; x_wconf 81' lang='lat' dir='ltr'><strong>aura.</strong></span> <span class='ocrx_word' id='word_1_178' title='bbox 763 2595 880 2642; x_wconf 81' lang='lat' dir='ltr'><strong>Eum</strong></span> <span class='ocrx_word' id='word_1_179' title='bbox 921 2593 1105 2644; x_wconf 85' lang='lat' dir='ltr'><strong>sensum</strong></span> 
     </span>
     <span class='ocr_line' id='line_1_32' title="bbox 301 2662 1105 2733; baseline 0.004 -21"><span class='ocrx_word' id='word_1_180' title='bbox 301 2675 413 2733; x_wconf 81' lang='lat' dir='ltr'><strong>pete</strong></span> <span class='ocrx_word' id='word_1_181' title='bbox 461 2681 520 2713; x_wconf 85' lang='lat' dir='ltr'><strong>ex</strong></span> <span class='ocrx_word' id='word_1_182' title='bbox 568 2662 745 2728; x_wconf 73' lang='lat' dir='ltr'><strong>Virgil.</strong></span> <span class='ocrx_word' id='word_1_183' title='bbox 792 2668 968 2730; x_wconf 84' lang='lat' dir='ltr'><strong>Georg.</strong></span> <span class='ocrx_word' id='word_1_184' title='bbox 1019 2669 1105 2725; x_wconf 89' lang='lat'>111,</span> 
     </span>
     <span class='ocr_line' id='line_1_33' title="bbox 304 2733 1104 2801; baseline -0.003 -15"><span class='ocrx_word' id='word_1_185' title='bbox 304 2745 423 2801; x_wconf 79' lang='lat'><strong>272.</strong></span> <span class='ocrx_word' id='word_1_186' title='bbox 475 2738 563 2784; x_wconf 78' lang='lat' dir='ltr'><strong>ubi·</strong></span> <span class='ocrx_word' id='word_1_187' title='bbox 606 2733 706 2788; x_wconf 76' lang='lat' dir='ltr'><strong>vid.</strong></span> <span class='ocrx_word' id='word_1_188' title='bbox 741 2737 899 2796; x_wconf 85' lang='lat' dir='ltr'><strong>Heyn.</strong></span> <span class='ocrx_word' id='word_1_189' title='bbox 974 2738 1104 2786; x_wconf 86' lang='lat' dir='ltr'><strong>Hinc</strong></span> 
     </span>
     <span class='ocr_line' id='line_1_34' title="bbox 273 2804 1106 2868; baseline 0 -12"><span class='ocrx_word' id='word_1_190' title='bbox 273 2829 276 2834; x_wconf 54' lang='lat'>*</span> <span class='ocrx_word' id='word_1_191' title='bbox 301 2804 556 2857; x_wconf 78' lang='lat' dir='ltr'><strong>concubitus</strong></span> <span class='ocrx_word' id='word_1_192' title='bbox 579 2812 766 2868; x_wconf 56' lang='lat' dir='ltr'><strong>tacitos,</strong></span> <span class='ocrx_word' id='word_1_193' title='bbox 815 2821 863 2857; x_wconf 87' lang='lat' dir='ltr'><strong>et</strong></span> <span class='ocrx_word' id='word_1_194' title='bbox 894 2808 1106 2858; x_wconf 81' lang='lat' dir='ltr'><strong>Venerem</strong></span> 
     </span>
     <span class='ocr_line' id='line_1_35' title="bbox 301 2877 1107 2946; baseline 0 -18"><span class='ocrx_word' id='word_1_195' title='bbox 301 2879 514 2935; x_wconf 60' lang='lat' dir='ltr'><strong>occultam</strong></span> <span class='ocrx_word' id='word_1_196' title='bbox 555 2878 778 2946; x_wconf 75' lang='lat' dir='ltr'><strong>expedias</strong></span> <span class='ocrx_word' id='word_1_197' title='bbox 822 2877 950 2933; x_wconf 81' lang='lat' dir='ltr'><strong>licet,</strong></span> <span class='ocrx_word' id='word_1_198' title='bbox 1020 2882 1107 2928; x_wconf 86' lang='lat' dir='ltr'><strong>Eo-</strong></span> 
     </span>
     <span class='ocr_line' id='line_1_36' title="bbox 302 2947 1107 3014; baseline 0.001 -16"><span class='ocrx_word' id='word_1_199' title='bbox 302 2947 626 3013; x_wconf 51' lang='lat' dir='ltr'><strong>demfiall&#39;udit</strong></span> <span class='ocrx_word' id='word_1_200' title='bbox 669 2947 809 2998; x_wconf 84' lang='lat' dir='ltr'><strong>Silius</strong></span> <span class='ocrx_word' id='word_1_201' title='bbox 856 2948 944 3003; x_wconf 86' lang='lat' dir='ltr'><strong>lib.</strong></span> <span class='ocrx_word' id='word_1_202' title='bbox 981 2951 1107 3014; x_wconf 86' lang='lat' dir='ltr'>XVI,</span> 
     </span>
     <span class='ocr_line' id='line_1_37' title="bbox 303 3018 1107 3088; baseline 0.001 -16"><span class='ocrx_word' id='word_1_203' title='bbox 303 3019 423 3088; x_wconf 78' lang='lat'><strong>365.</strong></span> <span class='ocrx_word' id='word_1_204' title='bbox 474 3024 543 3070; x_wconf 87' lang='lat' dir='ltr'><strong>De</strong></span> <span class='ocrx_word' id='word_1_205' title='bbox 560 3037 615 3069; x_wconf 81' lang='lat' dir='ltr'><strong>re</strong></span> <span class='ocrx_word' id='word_1_206' title='bbox 637 3018 843 3073; x_wconf 73' lang='lat' dir='ltr'><strong>cf.1³iin,</strong></span> <span class='ocrx_word' id='word_1_207' title='bbox 877 3025 1005 3081; x_wconf 79' lang='lat' dir='ltr'><strong>Vm,</strong></span> <span class='ocrx_word' id='word_1_208' title='bbox 1022 3036 1107 3087; x_wconf 87' lang='lat'><strong>42.</strong></span> 
     </span>
     <span class='ocr_line' id='line_1_38' title="bbox 298 3088 1107 3159; baseline 0.001 -16"><span class='ocrx_word' id='word_1_209' title='bbox 298 3092 537 3154; x_wconf 81' lang='lat' dir='ltr'>XV111,2</span> <span class='ocrx_word' id='word_1_210' title='bbox 511 3105 591 3157; x_wconf 76' lang='lat'><strong>24</strong></span> <span class='ocrx_word' id='word_1_211' title='bbox 644 3088 897 3143; x_wconf 78' lang='lat' dir='ltr'><strong>Columell.</strong></span> <span class='ocrx_word' id='word_1_212' title='bbox 916 3096 995 3154; x_wconf 87' lang='lat' dir='ltr'><strong>Vl,</strong></span> <span class='ocrx_word' id='word_1_213' title='bbox 1026 3109 1107 3159; x_wconf 80' lang='lat'><strong>27.</strong></span> 
     </span>
     <span class='ocr_line' id='line_1_39' title="bbox 296 3163 1110 3229; baseline 0.001 -15"><span class='ocrx_word' id='word_1_214' title='bbox 296 3163 460 3214; x_wconf 79' lang='lat' dir='ltr'><strong>lustin.</strong></span> <span class='ocrx_word' id='word_1_215' title='bbox 511 3164 678 3224; x_wconf 84' lang='lat' dir='ltr'><strong>XLIV,</strong></span> <span class='ocrx_word' id='word_1_216' title='bbox 732 3176 776 3228; x_wconf 80' lang='lat'><strong>3.</strong></span> <span class='ocrx_word' id='word_1_217' title='bbox 812 3188 881 3202; x_wconf 87' lang='lat'><strong>--</strong></span> <span class='ocrx_word' id='word_1_218' title='bbox 993 3170 1110 3229; x_wconf 78' lang='lat'><strong>382.</strong></span> 
     </span>
     <span class='ocr_line' id='line_1_40' title="bbox 301 3232 1143 3302; baseline 0.003 -21"><span class='ocrx_word' id='word_1_219' title='bbox 301 3239 386 3298; x_wconf 83' lang='lat'><strong>83</strong></span> <span class='ocrx_word' id='word_1_220' title='bbox 428 3235 562 3283; x_wconf 71' lang='lat' dir='ltr'><strong>Istius</strong></span> <span class='ocrx_word' id='word_1_221' title='bbox 586 3236 774 3297; x_wconf 78' lang='lat' dir='ltr'><strong>generis</strong></span> <span class='ocrx_word' id='word_1_222' title='bbox 799 3250 912 3302; x_wconf 74' lang='lat' dir='ltr'><strong>equi</strong></span> <span class='ocrx_word' id='word_1_223' title='bbox 926 3232 1143 3300; x_wconf 83' lang='lat' dir='ltr'><strong>septen</strong></span> 
     </span>
     <span class='ocr_line' id='line_1_41' title="bbox 297 3304 1112 3356; baseline 0.004 -3"><span class='ocrx_word' id='word_1_224' title='bbox 297 3305 434 3353; x_wconf 86' lang='lat' dir='ltr'><strong>nium</strong></span> <span class='ocrx_word' id='word_1_225' title='bbox 477 3305 558 3352; x_wconf 82' lang='lat' dir='ltr'><strong>vix</strong></span> <span class='ocrx_word' id='word_1_226' title='bbox 603 3304 855 3355; x_wconf 74' lang='lat' dir='ltr'><strong>excedunt.</strong></span> <span class='ocrx_word' id='word_1_227' title='bbox 929 3305 1112 3356; x_wconf 75' lang='lat' dir='ltr'><strong>Plinius</strong></span> 
     </span>
    </p>
   </div>
   <div class='ocr_carea' id='block_1_9' title="bbox 297 3374 1113 3445">
    <p class='ocr_par' dir='ltr' id='par_1_10' title="bbox 297 3374 1113 3445">
     <span class='ocr_line' id='line_1_42' title="bbox 297 3374 1113 3445; baseline 0.001 -15"><span class='ocrx_word' id='word_1_228' title='bbox 297 3374 333 3442; x_wconf 71' lang='lat' dir='ltr'><strong>l.</strong></span> <span class='ocrx_word' id='word_1_229' title='bbox 360 3393 400 3445; x_wconf 75' lang='lat' dir='ltr'><strong>c.</strong></span> <span class='ocrx_word' id='word_1_230' title='bbox 426 3377 693 3430; x_wconf 82' lang='lat' dir='ltr'><strong>triennium</strong></span> <span class='ocrx_word' id='word_1_231' title='bbox 716 3377 898 3431; x_wconf 74' lang='lat' dir='ltr'><strong>statuit.</strong></span> <span class='ocrx_word' id='word_1_232' title='bbox 931 3379 989 3430; x_wconf 88' lang='lat' dir='ltr'><strong>In</strong></span> <span class='ocrx_word' id='word_1_233' title='bbox 1013 3375 1113 3431; x_wconf 81' lang='lat' dir='ltr'><strong>for-</strong></span> 
     </span>
    </p>
   </div>
   <div class='ocr_carea' id='block_1_10' title="bbox 770 159 1507 231">
    <p class='ocr_par' dir='ltr' id='par_1_11' title="bbox 770 159 1507 231">
     <span class='ocr_line' id='line_1_43' title="bbox 770 159 1507 231; baseline 0.004 -5"><span class='ocrx_word' id='word_1_234' title='bbox 770 169 829 227; x_wconf 80' lang='lat' dir='ltr'><strong>c,</strong></span> <span class='ocrx_word' id='word_1_235' title='bbox 903 171 1100 228; x_wconf 82' lang='lat' dir='ltr'>SILH</span> <span class='ocrx_word' id='word_1_236' title='bbox 1138 159 1507 231; x_wconf 78' lang='lat' dir='ltr'>‘ITALICI</span> 
     </span>
    </p>
   </div>
   <div class='ocr_carea' id='block_1_11' title="bbox 1849 1205 1977 1266">
    <p class='ocr_par' dir='ltr' id='par_1_12' title="bbox 1849 1205 1977 1266">
     <span class='ocr_line' id='line_1_44' title="bbox 1849 1205 1977 1266; baseline 0 -1"><span class='ocrx_word' id='word_1_237' title='bbox 1849 1205 1977 1266; x_wconf 80' lang='lat' dir='ltr'><strong>Ful-</strong></span> 
     </span>
    </p>
   </div>
   <div class='ocr_carea' id='block_1_12' title="bbox 1175 1417 1979 1518">
    <p class='ocr_par' dir='ltr' id='par_1_13' title="bbox 1175 1417 1979 1516">
     <span class='ocr_line' id='line_1_45' title="bbox 1175 1417 1979 1473; baseline -0.006 -12"><span class='ocrx_word' id='word_1_238' title='bbox 1175 1423 1288 1473; x_wconf 81' lang='lat'><strong>384.</strong></span> <span class='ocrx_word' id='word_1_239' title='bbox 1320 1421 1506 1466; x_wconf 76' lang='lat' dir='ltr'><em>anma,</em></span> <span class='ocrx_word' id='word_1_240' title='bbox 1549 1432 1675 1473; x_wconf 87' lang='lat' dir='ltr'><strong>quam</strong></span> <span class='ocrx_word' id='word_1_241' title='bbox 1708 1419 1856 1458; x_wconf 86' lang='lat' dir='ltr'><strong>urbem</strong></span> <span class='ocrx_word' id='word_1_242' title='bbox 1896 1417 1979 1456; x_wconf 79' lang='lat' dir='ltr'><strong>Pli-</strong></span> 
     </span>
     <span class='ocr_line' id='line_1_46' title="bbox 1495 1474 1973 1518; baseline -0.009 -2"><span class='ocrx_word' id='word_1_243' title='bbox 1495 1476 1552 1516; x_wconf 88' lang='lat' dir='ltr'><strong>N.</strong></span> <span class='ocrx_word' id='word_1_244' title='bbox 1584 1474 1731 1516; x_wconf 82' lang='lat' dir='ltr'><strong>Heins.</strong></span> <span class='ocrx_word' id='word_1_245' title='bbox 1772 1488 1821 1514; x_wconf 87' lang='lat' dir='ltr'><strong>ex</strong></span> <span class='ocrx_word' id='word_1_246' title='bbox 1857 1474 1973 1518; x_wconf 82' lang='lat' dir='ltr'><strong>coni.</strong></span> 
     </span>
    </p>
   </div>
   <div class='ocr_carea' id='block_1_13' title="bbox 2039 0 2118 1992">
    <p class='ocr_par' dir='ltr' id='par_1_14' title="bbox 2039 0 2118 1992">
     <span class='ocr_line' id='line_1_47' title="bbox 2039 0 2118 1992; baseline 0 0"><span class='ocrx_word' id='word_1_247' title='bbox 2039 0 2118 1992; x_wconf 95' lang='lat' dir='ltr'><strong> </strong></span> 
     </span>
    </p>
   </div>
   <div class='ocr_carea' id='block_1_14' title="bbox 1175 1949 1994 3499">
    <p class='ocr_par' dir='ltr' id='par_1_15' title="bbox 1177 1949 1980 2020">
     <span class='ocr_line' id='line_1_48' title="bbox 1177 1949 1980 2020; baseline -0.005 -17"><span class='ocrx_word' id='word_1_248' title='bbox 1177 1949 1317 2003; x_wconf 73' lang='lat' dir='ltr'><strong>mula</strong></span> <span class='ocrx_word' id='word_1_249' title='bbox 1327 1951 1444 2020; x_wconf 77' lang='lat' dir='ltr'><strong>fipt.</strong></span> <span class='ocrx_word' id='word_1_250' title='bbox 1476 1953 1575 2004; x_wconf 82' lang='lat' dir='ltr'><em>duc.</em></span> <span class='ocrx_word' id='word_1_251' title='bbox 1602 1951 1737 2016; x_wconf 76' lang='lat' dir='ltr'><strong>aestas</strong></span> <span class='ocrx_word' id='word_1_252' title='bbox 1761 1951 1980 2020; x_wconf 81' lang='lat' dir='ltr'><strong>praeive-</strong></span> 
     </span>
    </p>

    <p class='ocr_par' dir='ltr' id='par_1_16' title="bbox 1175 2022 1994 3499">
     <span class='ocr_line' id='line_1_49' title="bbox 1175 2022 1902 2088; baseline -0.003 -12"><span class='ocrx_word' id='word_1_253' title='bbox 1175 2038 1250 2076; x_wconf 84' lang='lat' dir='ltr'><strong>rat</strong></span> <span class='ocrx_word' id='word_1_254' title='bbox 1281 2022 1452 2088; x_wconf 82' lang='lat' dir='ltr'><strong>virgil.</strong></span> <span class='ocrx_word' id='word_1_255' title='bbox 1471 2027 1647 2088; x_wconf 78' lang='lat' dir='ltr'><strong>Georg.</strong></span> <span class='ocrx_word' id='word_1_256' title='bbox 1669 2026 1756 2086; x_wconf 89' lang='lat' dir='ltr'><strong>IV,</strong></span> <span class='ocrx_word' id='word_1_257' title='bbox 1785 2038 1902 2088; x_wconf 84' lang='lat'>207.</span> 
     </span>
     <span class='ocr_line' id='line_1_50' title="bbox 1250 2094 1977 2164; baseline -0.014 -12"><span class='ocrx_word' id='word_1_258' title='bbox 1250 2102 1485 2164; x_wconf 84' lang='lat'><strong>384·90.</strong></span> <span class='ocrx_word' id='word_1_259' title='bbox 1527 2097 1703 2147; x_wconf 87' lang='lat' dir='ltr'><strong>anma</strong></span> <span class='ocrx_word' id='word_1_260' title='bbox 1730 2094 1839 2144; x_wconf 83' lang='lat' dir='ltr'><strong>urbs</strong></span> <span class='ocrx_word' id='word_1_261' title='bbox 1866 2097 1977 2144; x_wconf 84' lang='lat' dir='ltr'><strong>Bae-</strong></span> 
     </span>
     <span class='ocr_line' id='line_1_51' title="bbox 1177 2164 1981 2235; baseline -0.005 -18"><span class='ocrx_word' id='word_1_262' title='bbox 1177 2170 1302 2217; x_wconf 83' lang='lat' dir='ltr'><strong>ticae</strong></span> <span class='ocrx_word' id='word_1_263' title='bbox 1341 2167 1478 2235; x_wconf 71' lang='lat' dir='ltr'><strong>Hisp.&#39;</strong></span> <span class='ocrx_word' id='word_1_264' title='bbox 1511 2168 1641 2217; x_wconf 83' lang='lat' dir='ltr'><strong>inter</strong></span> <span class='ocrx_word' id='word_1_265' title='bbox 1679 2164 1901 2216; x_wconf 77' lang='lat' dir='ltr'><strong>Cluuiam</strong></span> <span class='ocrx_word' id='word_1_266' title='bbox 1930 2173 1981 2213; x_wconf 85' lang='lat' dir='ltr'><strong>et</strong></span> 
     </span>
     <span class='ocr_line' id='line_1_52' title="bbox 1178 2236 1980 2288; baseline 0 0"><span class='ocrx_word' id='word_1_267' title='bbox 1178 2241 1494 2288; x_wconf 85' lang='lat' dir='ltr'><strong>Numantiam</strong></span> <span class='ocrx_word' id='word_1_268' title='bbox 1541 2236 1600 2287; x_wconf 85' lang='lat' dir='ltr'><strong>ad</strong></span> <span class='ocrx_word' id='word_1_269' title='bbox 1634 2240 1840 2287; x_wconf 86' lang='lat' dir='ltr'><strong>Durium</strong></span> <span class='ocrx_word' id='word_1_270' title='bbox 1881 2237 1980 2288; x_wconf 83' lang='lat' dir='ltr'><strong>fita.</strong></span> 
     </span>
     <span class='ocr_line' id='line_1_53' title="bbox 1177 2306 1980 2358; baseline -0.005 0"><span class='ocrx_word' id='word_1_271' title='bbox 1177 2311 1289 2358; x_wconf 82' lang='lat' dir='ltr'><strong>Eius</strong></span> <span class='ocrx_word' id='word_1_272' title='bbox 1314 2326 1463 2358; x_wconf 83' lang='lat' dir='ltr'><strong>muros</strong></span> <span class='ocrx_word' id='word_1_273' title='bbox 1486 2308 1752 2358; x_wconf 81' lang='lat' dir='ltr'><strong>Sarmaticos</strong></span> <span class='ocrx_word' id='word_1_274' title='bbox 1777 2307 1890 2356; x_wconf 88' lang='lat' dir='ltr'><strong>dum</strong></span> <span class='ocrx_word' id='word_1_275' title='bbox 1907 2306 1980 2355; x_wconf 90' lang='lat' dir='ltr'><strong>di-</strong></span> 
     </span>
     <span class='ocr_line' id='line_1_54' title="bbox 1177 2378 1981 2447; baseline -0.005 -18"><span class='ocrx_word' id='word_1_276' title='bbox 1177 2382 1244 2430; x_wconf 86' lang='lat' dir='ltr'><strong>cit</strong></span> <span class='ocrx_word' id='word_1_277' title='bbox 1275 2391 1442 2447; x_wconf 84' lang='lat' dir='ltr'><strong>poeta,</strong></span> <span class='ocrx_word' id='word_1_278' title='bbox 1497 2382 1740 2443; x_wconf 83' lang='lat' dir='ltr'><strong>originem</strong></span> <span class='ocrx_word' id='word_1_279' title='bbox 1793 2378 1981 2437; x_wconf 78' lang='lat' dir='ltr'><strong>Scythi-</strong></span> 
     </span>
     <span class='ocr_line' id='line_1_55' title="bbox 1177 2449 1980 2516; baseline -0.005 -16"><span class='ocrx_word' id='word_1_280' title='bbox 1177 2468 1280 2500; x_wconf 83' lang='lat' dir='ltr'><strong>cam</strong></span> <span class='ocrx_word' id='word_1_281' title='bbox 1301 2452 1554 2516; x_wconf 79' lang='lat' dir='ltr'><strong>fignificat,</strong></span> <span class='ocrx_word' id='word_1_282' title='bbox 1603 2452 1790 2500; x_wconf 87' lang='lat' dir='ltr'><strong>incerto</strong></span> <span class='ocrx_word' id='word_1_283' title='bbox 1826 2449 1980 2510; x_wconf 81' lang='lat' dir='ltr'><strong>fonte,</strong></span> 
     </span>
     <span class='ocr_line' id='line_1_56' title="bbox 1177 2521 1980 2589; baseline -0.004 -18"><span class='ocrx_word' id='word_1_284' title='bbox 1177 2540 1320 2589; x_wconf 87' lang='lat' dir='ltr'><strong>quem</strong></span> <span class='ocrx_word' id='word_1_285' title='bbox 1344 2534 1391 2571; x_wconf 90' lang='lat' dir='ltr'><strong>et</strong></span> <span class='ocrx_word' id='word_1_286' title='bbox 1415 2523 1637 2571; x_wconf 76' lang='lat' dir='ltr'><strong>Heinsius</strong></span> <span class='ocrx_word' id='word_1_287' title='bbox 1673 2521 1720 2571; x_wconf 85' lang='lat' dir='ltr'><strong>se</strong></span> <span class='ocrx_word' id='word_1_288' title='bbox 1754 2523 1980 2586; x_wconf 84' lang='lat' dir='ltr'><strong>ignorare</strong></span> 
     </span>
     <span class='ocr_line' id='line_1_57' title="bbox 1176 2592 1980 2661; baseline -0.005 -17"><span class='ocrx_word' id='word_1_289' title='bbox 1176 2592 1436 2645; x_wconf 72' lang='lat' dir='ltr'><strong>fatebatur.</strong></span> <span class='ocrx_word' id='word_1_290' title='bbox 1547 2593 1776 2661; x_wconf 81' lang='lat' dir='ltr'><strong>Rhyndaci</strong></span> <span class='ocrx_word' id='word_1_291' title='bbox 1833 2594 1980 2641; x_wconf 79' lang='lat' dir='ltr'><strong>etiam</strong></span> 
     </span>
     <span class='ocr_line' id='line_1_58' title="bbox 1177 2663 1979 2723; baseline -0.006 -7"><span class='ocrx_word' id='word_1_292' title='bbox 1177 2665 1400 2716; x_wconf 62' lang='lat' dir='ltr'><strong>dudiori&#39;s</strong></span> <span class='ocrx_word' id='word_1_293' title='bbox 1445 2681 1626 2714; x_wconf 86' lang='lat' dir='ltr'><strong>nomen</strong></span> <span class='ocrx_word' id='word_1_294' title='bbox 1687 2681 1767 2714; x_wconf 28' lang='grc' dir='ltr'><strong>εκ.</strong></span> <span class='ocrx_word' id='word_1_295' title='bbox 1805 2663 1979 2723; x_wconf 80' lang='lat' dir='ltr'><strong>Myfiae</strong></span> 
     </span>
     <span class='ocr_line' id='line_1_59' title="bbox 1177 2735 1983 2788; baseline -0.006 0"><span class='ocrx_word' id='word_1_296' title='bbox 1177 2737 1408 2788; x_wconf 76' lang='lat' dir='ltr'><strong>Asiaticae</strong></span> <span class='ocrx_word' id='word_1_297' title='bbox 1442 2737 1594 2786; x_wconf 84' lang='lat' dir='ltr'><strong>fluvio</strong></span> <span class='ocrx_word' id='word_1_298' title='bbox 1642 2735 1856 2788; x_wconf 79' lang='lat' dir='ltr'><strong>eiusdem</strong></span> <span class='ocrx_word' id='word_1_299' title='bbox 1895 2750 1983 2783; x_wconf 88' lang='lat' dir='ltr'><strong>no·</strong></span> 
     </span>
     <span class='ocr_line' id='line_1_60' title="bbox 1177 2805 1986 2867; baseline -0.006 -9"><span class='ocrx_word' id='word_1_300' title='bbox 1177 2809 1327 2858; x_wconf 85' lang='lat' dir='ltr'><strong>minis</strong></span> <span class='ocrx_word' id='word_1_301' title='bbox 1350 2809 1514 2859; x_wconf 64' lang='lat' dir='ltr'><strong>fidium</strong></span> <span class='ocrx_word' id='word_1_302' title='bbox 1538 2805 1759 2867; x_wconf 80' lang='lat' dir='ltr'><strong>videtur,</strong></span> <span class='ocrx_word' id='word_1_303' title='bbox 1794 2819 1842 2856; x_wconf 88' lang='lat' dir='ltr'><strong>et</strong></span> <span class='ocrx_word' id='word_1_304' title='bbox 1881 2820 1986 2855; x_wconf 69' lang='lat' dir='ltr'><strong>caea·</strong></span> 
     </span>
     <span class='ocr_line' id='line_1_61' title="bbox 1179 2878 1985 2948; baseline -0.004 -21"><span class='ocrx_word' id='word_1_305' title='bbox 1179 2894 1309 2940; x_wconf 82' lang='lat' dir='ltr'><strong>tera,</strong></span> <span class='ocrx_word' id='word_1_306' title='bbox 1344 2895 1463 2948; x_wconf 83' lang='lat' dir='ltr'><strong>quae</strong></span> <span class='ocrx_word' id='word_1_307' title='bbox 1487 2878 1547 2928; x_wconf 86' lang='lat' dir='ltr'><strong>de</strong></span> <span class='ocrx_word' id='word_1_308' title='bbox 1572 2880 1697 2929; x_wconf 84' lang='lat' dir='ltr'><strong>vitae</strong></span> <span class='ocrx_word' id='word_1_309' title='bbox 1728 2894 1901 2943; x_wconf 82' lang='lat' dir='ltr'><strong>genere</strong></span> <span class='ocrx_word' id='word_1_310' title='bbox 1933 2885 1985 2925; x_wconf 81' lang='lat' dir='ltr'><strong>et</strong></span> 
     </span>
     <span class='ocr_line' id='line_1_62' title="bbox 1180 2949 1984 3005; baseline -0.004 -6"><span class='ocrx_word' id='word_1_311' title='bbox 1180 2952 1326 3000; x_wconf 83' lang='lat' dir='ltr'><strong>armis</strong></span> <span class='ocrx_word' id='word_1_312' title='bbox 1388 2962 1652 3005; x_wconf 82' lang='lat' dir='ltr'><strong>notantur,</strong></span> <span class='ocrx_word' id='word_1_313' title='bbox 1724 2949 1984 2999; x_wconf 75' lang='lat' dir='ltr'><strong>Sarmatica</strong></span> 
     </span>
     <span class='ocr_line' id='line_1_63' title="bbox 1180 3019 1983 3087; baseline -0.006 -15"><span class='ocrx_word' id='word_1_314' title='bbox 1180 3023 1304 3076; x_wconf 74' lang='lat' dir='ltr'><strong>[unt.</strong></span> <span class='ocrx_word' id='word_1_315' title='bbox 1337 3020 1402 3074; x_wconf 85' lang='lat' dir='ltr'><strong>cf.</strong></span> <span class='ocrx_word' id='word_1_316' title='bbox 1426 3023 1596 3071; x_wconf 84' lang='lat' dir='ltr'><strong>Strabo</strong></span> <span class='ocrx_word' id='word_1_317' title='bbox 1618 3019 1704 3074; x_wconf 80' lang='lat' dir='ltr'><strong>hb</strong></span> <span class='ocrx_word' id='word_1_318' title='bbox 1730 3024 1835 3072; x_wconf 83' lang='lat' dir='ltr'><strong>vn.</strong></span> <span class='ocrx_word' id='word_1_319' title='bbox 1874 3036 1983 3087; x_wconf 80' lang='lat' dir='ltr'>pag.</span> 
     </span>
     <span class='ocr_line' id='line_1_64' title="bbox 1181 3091 1981 3160; baseline -0.008 -15"><span class='ocrx_word' id='word_1_320' title='bbox 1181 3097 1302 3159; x_wconf 77' lang='lat'>480.</span> <span class='ocrx_word' id='word_1_321' title='bbox 1377 3093 1462 3142; x_wconf 86' lang='lat' dir='ltr'><strong>ubi</strong></span> <span class='ocrx_word' id='word_1_322' title='bbox 1524 3110 1672 3160; x_wconf 85' lang='lat' dir='ltr'><strong>equos</strong></span> <span class='ocrx_word' id='word_1_323' title='bbox 1736 3091 1981 3150; x_wconf 79' lang='lat' dir='ltr'><strong>Scythicos</strong></span> 
     </span>
     <span class='ocr_line' id='line_1_65' title="bbox 1180 3157 1990 3231; baseline -0.009 -14"><span class='ocrx_word' id='word_1_324' title='bbox 1180 3164 1303 3229; x_wconf 59' lang='lat' dir='ltr'><strong>&amp;Zeta</strong></span> <span class='ocrx_word' id='word_1_325' title='bbox 1343 3164 1432 3231; x_wconf 58' lang='lat' dir='ltr'><strong>affici</strong></span> <span class='ocrx_word' id='word_1_326' title='bbox 1491 3163 1780 3220; x_wconf 68' lang='grc' dir='ltr'><strong>δυσπειθεῖς</strong></span> <span class='ocrx_word' id='word_1_327' title='bbox 1826 3157 1990 3231; x_wconf 85' lang='lat' dir='ltr'><strong>appel·</strong></span> 
     </span>
     <span class='ocr_line' id='line_1_66' title="bbox 1182 3231 1987 3304; baseline -0.004 -19"><span class='ocrx_word' id='word_1_328' title='bbox 1182 3235 1276 3296; x_wconf 70' lang='lat' dir='ltr'><strong>lat,</strong></span> <span class='ocrx_word' id='word_1_329' title='bbox 1313 3252 1411 3304; x_wconf 89' lang='lat' dir='ltr'><strong>quo</strong></span> <span class='ocrx_word' id='word_1_330' title='bbox 1435 3236 1644 3304; x_wconf 83' lang='lat' dir='ltr'><strong>pertinet</strong></span> <span class='ocrx_word' id='word_1_331' title='bbox 1675 3234 1727 3288; x_wconf 82' lang='lat' dir='ltr'>h</span> <span class='ocrx_word' id='word_1_332' title='bbox 1756 3231 1788 3283; x_wconf 92' lang='lat' dir='ltr'><strong>l</strong></span> <span class='ocrx_word' id='word_1_333' title='bbox 1822 3233 1987 3283; x_wconf 77' lang='lat' dir='ltr'><strong>crudus</strong></span> 
     </span>
     <span class='ocr_line' id='line_1_67' title="bbox 1180 3304 1989 3376; baseline -0.004 -20"><span class='ocrx_word' id='word_1_334' title='bbox 1180 3312 1342 3376; x_wconf 76' lang='lat' dir='ltr'><strong>vigor,</strong></span> <span class='ocrx_word' id='word_1_335' title='bbox 1375 3304 1630 3366; x_wconf 77' lang='lat' dir='ltr'><strong>ferocitas,</strong></span> <span class='ocrx_word' id='word_1_336' title='bbox 1655 3319 1703 3354; x_wconf 92' lang='lat' dir='ltr'><strong>et</strong></span> <span class='ocrx_word' id='word_1_337' title='bbox 1743 3318 1989 3355; x_wconf 77' lang='lat' dir='ltr'><strong>contuma-</strong></span> 
     </span>
     <span class='ocr_line' id='line_1_68' title="bbox 1183 3375 1993 3443; baseline -0.006 -11"><span class='ocrx_word' id='word_1_338' title='bbox 1183 3380 1260 3432; x_wconf 78' lang='lat' dir='ltr'><strong>cia</strong></span> <span class='ocrx_word' id='word_1_339' title='bbox 1284 3376 1502 3433; x_wconf 80' lang='lat' dir='ltr'><strong>nondum</strong></span> <span class='ocrx_word' id='word_1_340' title='bbox 1524 3387 1626 3432; x_wconf 81' lang='lat' dir='ltr'><strong>arte</strong></span> <span class='ocrx_word' id='word_1_341' title='bbox 1650 3375 1851 3431; x_wconf 82' lang='lat' dir='ltr'><strong>domita.</strong></span> <span class='ocrx_word' id='word_1_342' title='bbox 1880 3375 1993 3443; x_wconf 81' lang='lat' dir='ltr'><em>Spa-</em></span> 
     </span>
     <span class='ocr_line' id='line_1_69' title="bbox 1911 3461 1994 3499; baseline -0.012 0"><span class='ocrx_word' id='word_1_343' title='bbox 1911 3461 1994 3499; x_wconf 73' lang='lat' dir='ltr'><strong>rus</strong></span> 
     </span>
    </p>
   </div>
  </div>
 </body>
</html>
