2118 3840
236 31 333 130 „30

262 197 500 276 Gaudet,
531 196 593 288 'et-
633 209 880 266 extremis
915 202 1082 287 pulsat
1115 207 1378 288 Capitolia
1414 210 1595 271 tertias

721 48 789 109 c,
857 49 1059 111 s1L11
1121 43 1490 114 1TAL1ct‘
1525 114 1532 119 .

1717 289 1720 292 ⁴
1811 233 1936 290 270

263 294 443 356 Prima
479 297 788 373 Saguntinas
823 294 1093 353 turbarunt
1127 292 1331 353 classica
1365 310 1560 375 portaS,

265 379 515 462 Bellaque
565 376 737 438 sumta
782 383 897 438 viro
934 379 1060 438 belli
1097 384 1315 438 maioris
1360 401 1564 442 amore.
1610 438 1626 459 ¹,

261 465 431 528 Haud
470 465 658 547 procul
695 465 951 524 Herculei
987 465 1179 525 tollunt
1216 463 1269 524 se
1307 465 1464 525 litore
1501 468 1665 546 muri,

262 553 575 613 Clementer
610 548 867 610 crescente
905 555 1077 629 iugo.
1101 550 1214 632 quis
1253 550 1443 617 nobile>
1473 574 1682 618 nomen

262 638 527 699 Conditus
560 635 765 696 excelso
813 635 1027 696 sacravit
1059 637 1199 696 colle
1233 640 1555 714 Zacynthos.

1810 660 1929 720 275

265 728 379 785 Hic
415 744 598 784 comes
640 719 861 780 Alcidae
893 723 1160 781 remeabat
1195 726 1254 782 in
1289 745 1436 805 agm.
1428 747 1515 784 ‚ne
1549 725 1769 788 Thebas

262 813 523 886 Getyone
553 807 827 876 exssiud‘tm
874 807 1130 891 coeloque
1170 831 1249 868 ea
1273 806 1414 885 facia
1447 807 1662 872 ferebat.
1743 844 1745 852 ¹

261 898 404 956 Tres
430 899 634 954 animas
661 916 894 977 namque
930 893 983 952 id
1007 882 1327 966 monstrum,
1357 915 1455 957 tres
1480 887 1706 983 corpore
1731 894 1935 974 dextras

259 984 539 1050 Armant,
572 997 820 1061 ternaque
857 998 1010 1061 caput
1043 987 1244 1042 cervice
1280 985 1508 1065 gerebat.

261 1067 437 1129 Haud
470 1067 667 1127 alium
677 1065 808 1127 vidit
845 1066 1024 1136 telluS,
1068 1072 1152 1127 cui
1189 1090 1392 1150 ponere
1416 1069 1588 1134 finem
1687 1087 1692 1090 '

1809 1079 1935 1139 σεο

261 1159 396 1218 Non
438 1151 638 1237 posset
651 1174 800 1213 mors
837 1175 940 1211 una
986 1158 1132 1225 viro,
1154 1153 1438 1238 duraeque
1475 1153 1677 1217 sorores

258 1244 449 1303 Tertia
490 1242 563 1300 bis
597 1256 753 1321 rupto
785 1256 1088 1320 torquerent
1123 1239 1348 1301 stamina
1383 1240 1501 1303 filo.

258 1330 407 1391 Hinc
438 1326 606 1412 spolia
638 1326 924 1388 ostentabat
959 1347 1153 1399 ovam,
1187 1333 1491 1413 captivaque
1524 1329 1696 1391 vidior
1741 1342 1754 1355 ’

1697 1442 1926 1499 Armen-

425 1576 524 1638 277.
541 1582 649 1636 flua
669 1578 919 1636 vulg-'fida
953 1582 1116 1627 Colon.
1153 1584 1220 1627 ed.
1246 1583 1371 1627 Rom.
1395 1583 1533 1625 earm.
1558 1579 1738 1630 Mediol.
1755 1579 1928 1634 gerebat

373 1640 442 1684 ed.
470 1641 596 1682 Rom.

250 1767 436 1823 bellum
457 1771 511 1820 in
544 1767 735 1828 Italiam
770 1771 1058 1833 transferre,-

250 1840 380 1893 unde
399 1852 448 1891 et
462 1841 610 1908 puyizt
634 1841 867 1908 Capitolia,
890 1855 1061 1910 quate

250 1931 341 1973 nus
365 1925 526 1969 mente
562 1924 612 1962 et
645 1915 811 1970 animo
834 1915 930 1963 iam
950 1918 1056 1964 -Ro-

249 2002 381 2036 mam
405 2002 433 2034 a
458 1983 507 2033 se
531 1997 846 2053 expugnatam
874 1980 1081 2049 cogita.-

246 2058 332 2108 bat
353 2068 401 2106 et
426 2057 712 2111 minabatur.
797 2057 1054 2123 272.Bella

233 2129 395 2196 fitmta
425 2124 544 2178 belli
581 2127 711 2176 causa
747 2129 951 2196 quaesita
987 2130 1054 2178 est

247 2203 304 2251 in
339 2202 569 2264 Sagunto.
611 2196 742 2251 Flor.
778 2203 843 2259 ΙΙ,
870 2199 918 2252 6.
994 2200 1054 2250 In

245 2273 421 2337 causam
439 2270 540 2322 belli
559 2269 784 2344 Sagunxus
805 2271 961 2320 delec‘la
976 2270 1051 2336 est.

320 2359 439 2411 273.
454 2342 584 2410 seqq.
622 2344 856 2406 Sagunttts
883 2341 1056 2392 descri-

242 2415 394 2468 bitur.
474 2416 589 2465 Eius
633 2430 785 2463 muros
816 2414 1054 2464 Herculeos

245 2498 409 2549 vocat,
443 2487 556 2554 quia
576 2482 808 2535 Hercules
831 2485 1052 2535 credeba-

245 2570 327 2610 tur
339 2552 652 2609 fundamenta
666 2557 799 2607 urbis
811 2555 983 2610 ieciffe.
1002 2575 1050 2609 v.

244 2629 366 2684 infr.
391 2642 510 2698 505.
548 2638 598 2678 et
631 2625 718 2681 lib.
753 2632 815 2692 11,
851 2642 969 2697 507.
1002 2639 1051 2679 et

236 2697 366 2770 654.
404 2703 488 2751 ubi
498 2715 665 2769 parens
688 2718 921 2752 murorum
941 2702 1050 2765 Sag.

238 2772 528 2843 appellatur.
600 2771 817 2823 Editiore
840 2771 948 2824 loco
969 2788 1049 2822 ex-

240 2848 466 2898 structam
500 2845 732 2908 fignificat
769 2849 874 2914 iugo
915 2844 1042 2894 clem.

236 2919 368 2983 cresci.
392 2920 427 2970 i.
451 2933 495 2969 e.
514 2913 931 2976 molliteracclivi,
943 2932 1042 2983 quo

237 2988 377 3040 sensu
411 2989 579 3038 mollem
614 2987 772 3039 clivum
804 2985 1040 3050 Virgilius

214 3052 363 3110 'dixit
389 3058 548 3124 Eclog
576 3061 660 3120 IX,
685 3065 733 3122 8.
779 3057 842 3113 cf.
876 3058 1037 3110 Barth.
1060 3100 1064 3104 ⁴

234 3132 297 3181 ad
324 3134 440 3186 Stat
466 3132 632 3182 Theb.
651 3133 692 3194 1,
710 3145 839 3197 330.
852 3132 1037 3180 —No-

235 3221 349 3254 men
368 3203 512 3253 habet
531 3203 811 3263 aZacyntho
829 3191 1037 3269 quodam

229 3278 408 3327 comite
436 3272 686 3338 Herculis,
720 3277 805 3344 qni
835 3274 1063 3338 fingitur·

1122 1773 1177 1821 in
1211 1773 1288 1823 his
1320 1774 1462 1824 terris
1492 1789 1520 1822 a
1541 1769 1758 1840 serpente
1791 1785 1929 1819 neca-

1122 1854 1226 1903 tus,
1257 1845 1429 1914 ibique
1446 1844 1506 1894 ab
1544 1839 1754 1893 Hercule
1778 1841 1926 1891 condi-

1121 1882 1258 1967 tus-lt.
1282 1914 1522 1984 sepultus.
1575 1919 1685 1975 Quo
1706 1912 1837 1963 facio
1850 1929 1928 1961 ur-

1123 1986 1235 2036 bem
1259 1985 1499 2046 conditam
1523 2003 1581 2035 ex
1607 1983 1737 2035 illius
1763 1984 1927 2033 nomi-

1123 2074 1184 2107 ne
1208 2055 1511 2127 appellatam.
1584 2060 1676 2108 Res
1687 2054 1787 2126 ipsa
1812 2072 1926 2104 nar-

1121 2142 1257 2179 ratur
1283 2129 1400 2182 vers.
1433 2129 1550 2199 276
1575 2127 1704 2197 seqq.
1774 2127 1927 2177 Fabu-

1124 2197 1220 2249 lam
1251 2199 1309 2250 de
1333 2202 1578 2269 Zacyntho
1602 2198 1799 2252 variasse
1809 2216 1926 2268 poe

1122 2282 1170 2320 ta
1196 2271 1401 2325 videtur.
1435 2277 1570 2323 Nam
1597 2269 1791 2331 Dionys.
1812 2267 1927 2327 Hal.

1124 2340 1211 2396 lib.
1238 2346 1278 2404 l,
1307 2358 1385 2410 50.
1412 2346 1506 2393 ait·
1545 2343 1822 2394 Dardanum
1845 2346 1924 2392 Io-

1123 2416 1199 2463 vis
1233 2426 1282 2464 et
1314 2413 1526 2466 Electrae
1579 2412 1831 2465 Atlantidis
1869 2415 1925 2462 fi.

1120 2483 1272 2547 lium,
1308 2485 1427 2536 duos
1446 2504 1506 2536 ex
1520 2488 1662 2538 Batea
1688 2487 1815 2535 filios
1830 2483 1922 2535 sus-

1119 2556 1290 2625 cepifl'e
1313 2558 1520 2622 tradunt,
1553 2557 1846 2618 Zacynthum
1871 2567 1922 2607 et

1118 2629 1500 2685 Erichthonium.
1550 2634 1771 2691 Qtorum
1794 2627 1920 2681 alter

1116 2716 1175 2749 ex
1201 2703 1388 2751 Aeneae
1411 2702 1676 2751 maioribus
1698 2712 1817 2760 erat,
1833 2704 1940 2762 Zaq

1117 2761 1318 2831 cynthus
1339 2789 1459 2824 vero
1479 2770 1658 2822 insulae
1674 2772 1919 2825 conditor.

1114 2846 1186 2892 De
1211 2846 1433 2904 Geryone
1454 2844 1710 2895 interfecto
1722 2844 1782 2894 ab
1796 2847 1920 2895 Her-

1100 2912 1241 2988 cule,
1286 2915 1480 2982 eiusque
1522 2916 1731 2966 bovibus
1768 2914 1916 2964 abdu-

1100 2964 1200 3036 &is
1222 2998 1336 3037 nota
1361 2986 1522 3038 fabula
1553 3004 1612 3037 ex
1651 2986 1793 3041 Diod.
1820 2988 1914 3038 Sic.

1107 3060 1190 3123 tv,
1222 3075 1300 3125 17.
1352 3058 1419 3114 cf.
1456 3056 1649 3123 virgil.
1658 3061 1773 3122 VH,
1796 3057 1934 3111 661..
2028 3042 2032 3047 ⁵

1107 3141 1157 3179 et
1189 3132 1318 3192 vm,
1342 3146 1464 3186 202.
1539 3131 1913 3198 Tricorporum

1107 3200 1202 3251 hoc
1224 3205 1488 3253 monstrum
1515 3201 1570 3250 in
1603 3200 1911 3269 sequentibua

1094 3273 1379 3340 ‘luxuriante
1401 3283 1574 3327 ornatu
1608 3271 1910 3333 describitur,

1763 3362 1828 3415 qu
1833 3360 1912 3395 em
