2118 3840
301 127 406 185 62.

776 112 837 173 c.
907 62 1109 173 suu
1175 80 1541 177 ιτΑἰῐσι,

302 275 722 352 Laurentemque
757 265 923 328 larem
939 311 957 339 ‚
996 280 1050 327 et·
1078 271 1352 350 genetricis
1388 271 1612 350 pignora
1647 248 1882 339 TroiaeJ
1944 293 1947 294 ⁷

302 356 627 420 Conservate
662 359 807 437 pios,
842 359 932 436 qui
975 370 1276 436 permutare
1312 356 1486 415 coadii

250 516 253 521 ,
301 443 620 505 Acrisioneis
667 441 960 518 Tirynthia
996 440 1458 505 culminamuris.

299 535 413 590 Vos
449 535 606 589 etiam
640 527 875 589 Zanclen
916 526 1073 586 Siculi
1107 542 1289 585 contra
1321 549 1471 586 arma
1499 532 1715 602 tyranni

300 612 527 677 luviffe
523 619 830 696 egregium:
866 632 962 671 vos
999 627 1049 670 et
1088 615 1373 694 Campana
1403 613 1560 672 tueri

299 705 555 770 Moenia,
615 695 833 779 depulso
869 701 1172 758 Samnitum
1220 699 1444 770 robore,
1487 685 1738 779 dignum

238 824 248 831 μ
301 792 497 871 sigaeis
537 784 750 846 duxistis
786 788 907 845 avis.
993 790 1154 844 Vetus
1194 785 1372 844 incola
1416 788 1611 851 Dauni,

300 857 500 937 Tesior
534 896 658 943 νοε,
696 869 900 942 fontes',
947 887 998 931 et
1034 870 1212 955 stagna
1250 893 1437 932 arcana
1471 871 1712 942 Numici,

464 1115 564 1159 662.
600 1114 772 1155 Zanclen
794 1126 871 1167 pro
893 1117 1056 1155 tandem
1077 1115 1193 1168 quod
1213 1114 1343 1168 vulgo
1378 1110 1621 1165 legebatur,
1664 1123 1715 1152 ex
1746 1111 1967 1165 MS·„C⁰·
2009 1150 2013 1153 r
2079 1089 2082 1093 ⁴

409 1172 508 1213 lon:
527 1171 702 1213 restituit
719 1172 904 1213 Medius.

289 1296 420 1351 mula
444 1297 687 1365 precandi
726 1298 787 1351 cf.
815 1301 931 1351 Aen.
952 1299 1094 1364 Virg.

287 1372 352 1433 X,
391 1371 506 1439 369.
546 1369 675 1440 seqq.
758 1373 1015 1422 Pm‘mordia
1047 1389 1093 1441 g.

1840 786 1960 859 665

1814 957 1966 1019 Cum

1164 1298 1354 1350 Zanclen
1387 1297 1448 1354 s.
1464 1297 1748 1357 Messanam,
1800 1295 1965 1349 foede·

1162 1382 1314 1421 ratam
1351 1367 1538 1421 Siciliae
1571 1372 1840 1422 civitatem
1879 1387 1964 1420 eu-

290 1408 408 1496 Riat.
444 1444 502 1493 de
538 1443 707 1511 primis
743 1443 1093 1506 conditoribus,
1162 1443 1236 1493 ius
1274 1444 1402 1492 cives
1438 1451 1486 1490 et
1532 1443 1809 1491 Mamertini
1843 1437 1962 1491 dim

287 1516 449 1565 Aenea
478 1515 733 1581 inprimis,
770 1515 894 1564 unde
918 1526 966 1565 et
999 1518 1091 1565 Ru·

286 1584 409 1646 tuli,
439 1584 694 1646 Ardeates,
724 1598 773 1637 et
810 1587 894 1654 ipsi
919 1589 1092 1652 Sagun·

284 1659 381 1710 tini
407 1655 586 1708 coloni.
658 1657 925 1709 Laurentem
951 1659 1087 1709 larem

284 1745 378 1798 pro
407 1728 657 1798 penatibus
696 1731 859 1781 Troia
910 1727 1087 1794 allatis,

204 1792 210 1799 ’
281 1816 426 1868 quem
460 1811 509 1851 et
537 1798 768 1864 Virgilius
792 1802 1087 1871 Pergamum

230 1919 244 1935 .
288 1871 483 1935 Larem,
543 1870 764 1941 Phrygios
794 1888 973 1939 penates
1011 1873 1088 1923 di-

281 1944 356 1994 xit
409 1946 525 1994 Aen.
531 1946 607 2004 ·‚V
634 1957 779 2011 744
807 1956 855 1994 et
891 1941 976 1995 lib.
1003 1946 1086 2005 m,

290 2020 406 2083 148.
441 2013 617 2065 Eadem
638 2013 767 2066 sacra
790 2033 905 2068 mox
929 2020 1086 2088 pigno-

275 2105 335 2139 ra
380 2087 556 2143 Troiae.
663 2116 669 2121 -

352 2157 473 2213 660.
506 2157 592 2211 61.
646 2161 803 2225 Opem
839 2159 960 2209 ferte
990 2160 1086 2224 piis

277 2241 330 2281 et
352 2228 571 2281 fidelibus
596 2231 870 2295 Saguntinis
904 2230 1080 2285 vestris.

189 2335 192 2338 -
276 2302 552 2373 Acrzfioneos
573 2320 743 2363 muros,
781 2301 984 2352 Ardeam
997 2319 1084 2353 vo-

277 2385 355 2423 cat
403 2386 581 2442 poeta,-
628 2372 807 2423 secutus
844 2372 1079 2435 fabulam,

275 2461 378 2513 qua
405 2443 488 2495 illa
512 2445 636 2495 urbs
660 2462 686 2493 a
719 2449 882 2496 Danae
907 2411 1080 2498 Acrisii

274 2514 376 2567 fllia
395 2515 589 2568 condita
620 2515 916 2569 credebatur.
964 2519 1081 2568 Pro

276 2586 394 2640 fecit
440 2606 466 2638 e
499 2585 676 2653 Virgil.
722 2590 774 2641 A.
813 2591 918 2652 vn,
955 2602 1077 2657 409.

275 2658 468 2711 Audacis
498 2659 662 2711 Rutuli
681 2661 740 2710 ad
761 2678 926 2722 muros,
942 2678 1076 2730 quam

265 2732 440 2782 dicitur
464 2730 616 2783 urbem
638 2732 898 2799 Acrzfioneis
913 2733 1077 2784 Danae

224 2803 471 2870 fundasse
515 2805 689 2856 colonis.
755 2803 821 2859 cf.
867 2807 1075 2857 omnino

271 2879 429 2934 Heyn.
456 2875 642 2929 Excurs.
670 2892 720 2944 7.
757 2877 817 2927 ad
840 2875 1000 2928 locum
1035 2873 1070 2928 l.

270 2943 446 3011 virgil
495 2964 600 3015 pag
638 2965 755 3015 130.
828 2947 1072 3013 Tyrinthiae

1161 1512 1285 1565 sunt.
1317 1531 1356 1564 ν.
1386 1511 1554 1572 Polyb.
1581 1517 1619 1573 1,
1644 1519 1726 1575 8,
1751 1515 1899 1561 Εοεῖέ
1907 1529 1964 1562 o-

1161 1587 1292 1635 mani
1313 1584 1628 1635 defenderunt
1658 1585 1716 1633 ab
1741 1585 1961 1633 Hierone

1155 1655 1462 1717 Syracusano.
1501 1655 1565 1706 cf.
1590 1657 1696 1710 Liv.
1720 1657 1804 1723 Ep.
1829 1657 1963 1709 XVI.

1156 1725 1419 1794 Flor.11‚2.
1453 1727 1622 1789 Polyb.
1636 1725 1675 1794 1,
1691 1743 1765 1780 10.
1790 1745 1807 1779 1
1826 1744 1867 1780 1.
1887 1751 1959 1767 -·

1158 1800 1380 1868 Carmana
1413 1819 1473 1856 m.
1508 1810 1674 1851 contra
1707 1800 1962 1853 Samnites.

1156 1871 1257 1923 vid.
1295 1873 1402 1924 Liv.
1439 1875 1550 1934 vn,
1586 1885 1667 1939 29.
1705 1887 1786 1938 30.
1826 1868 1959 1938 seqq.

1157 1941 1286 1996 Flor.
1315 1946 1354 2004 1,
1373 1942 1451 1997 16.
1496 1943 1678 2012 Sigaeis,
1690 1944 1743 1994 T
1747 1943 1962 1999 roianis;

1131 2022 1185 2064 'e
1212 2016 1214 2019 ’
1246 2016 1420 2085 quibus
1477 2017 1687 2068 Romani
1734 2014 1958 2082 deinceps

1155 2088 1270 2154 orti.

1224 2157 1343 2226 6.65
1371 2157 1501 2244 seqq.
1553 2159 1765 2219 Sicoris,
1802 2166 1855 2207 ut
1889 2153 1959 2206 se·
1985 2196 1991 2206 ,

1153 2230 1293 2281 nior
1314 2242 1363 2279 et
1400 2233 1623 2299 princeps
1668 2228 1957 2294 legatorum,

1151 2302 1351 2350 nomine
1383 2304 1753 2365 Saguntinorum
1797 2298 1957 2366 loqui-

1147 2382 1249 2434 tur,
1286 2390 1547 2441 coriumque
1578 2390 1683 2422 eum
1720 2372 1955 2422 Romanis

1144 2413 1324 2494 πάδη]
1353 2447 1743 2495 coniunetionem
1775 2454 1821 2492 et
1850 2440 1950 2491 vel-

1146 2517 1218 2564 uti
1261 2515 1751 2580 consanguinitatem,
1805 2513 1949 2583 seque

1144 2585 1299 2655 ipsum
1325 2585 1548 2638 coloniae
1571 2587 1860 2639 'Ardeatium
1885 2584 1949 2636 ad

1146 2660 1405 2723 Saguntum
1433 2661 1607 2722 ducem,
1626 2659 1805 2728 prodit.
1864 2657 1948 2708 In-

1146 2738 1240 2780 cola
1263 2732 1426 2782 Dauni
1449 2731 1702 2794 Ardeates,
1744 2747 1788 2784 v.
1815 2729 1946 2797 supr.

1143 2817 1194 2854 v.
1207 2817 1323 2870 291.
1363 2804 1516 2854 Ardea
1537 2805 1647 2854 urbs
1664 2803 1817 2854 Dauni
1833 2803 1946 2851 Vir·
1966 2806 1971 2810 '

1142 2871 1403 2938 gilio‘Aen.
1428 2878 1483 2936 X,
1497 2876 1616 2939 688
1632 2902 1698 2914 -·
1763 2874 1940 2943 Stagna

1146 2947 1344 2999 Numici.
1415 2945 1615 2999 Flumen
1660 2961 1814 3016 prope
1857 2947 1946 2998 La·

259 3019 474 3079 culmina,
509 3022 778 3085 Saguntum
817 3020 916 3073 vid.
938 3019 1067 3093 supr.
1139 3020 1358 3082 vinium,
1397 3023 1529 3070 euius
1552 3022 1709 3084 stagna
1736 3034 1841 3066 cum
1864 3035 1943 3066 ar-

266 3105 390 3158 273
418 3088 547 3160 seqq·

330 3161 470 3214 662-
486 3163 569 3228 65.
634 3161 858 3235 Exempla
910 3161 1070 3214 adfert

1141 3108 1249 3142 cana
1263 3105 1514 3154 vocantur,
1528 3094 1602 3143 res
1615 3092 1818 3140 omnino
1833 3087 1944 3138 red-

1142 3164 1182 3212 it
1214 3162 1272 3212 ad
1309 3161 1546 3228 fabulam,
1600 3161 1726 3212 uude
1764 3162 1939 3210 'fluvius

259 3232 443 3282 Sicoris
496 3237 744 3285 civitatum
814 3235 1065 3296 sociarum,
1137 3232 1221 3284 ille
1243 3232 1451 3302 aliquam
1465 3204 1750 3300 religionem
1774 3234 1939 3283 traxit.

254 3303 429 3382 quibus
455 3307 665 3360 Romani
687 3323 830 3409 opem
845 3305 1063 3372 tulerint.
1135 3308 1264 3358 Nam
1287 3311 1471 3359 Aeneas
1500 3308 1673 3376 (verba
1698 3308 1814 3355 haec
1829 3303 1938 3353 sunt

1675 3382 1685 3387 ”
1745 3376 1935 3437 Heynii
1962 3406 1964 3409 -

1840 357 1966 415 660
2040 392 2042 394 -
