2118 3840
359 273 461 312 mx
748 230 1600 317 ‘Drst181T1o

373 399 632 469 heroem,
675 422 801 460 cum
830 405 1006 460 Aenea
1040 399 1127 462 vel
1148 423 1291 479 *cum
1318 396 1510 476 Vlyffe
1543 403 1608 458 ita
1634 414 2061 481 componamus,‘

374 503 432 547 ut
477 489 699 546 achonis
746 491 1027 553 unitatem,
1082 487 1431 545 necessitatem
1482 501 1534 544 et
1583 487 1846 567 quandam
1884 490 2048 549 veluti

375 577 756 653 contagionem
802 595 896 653 per
944 568 1248 631 universum
1299 593 1515 630 carmen
1563 570 1928 634 dimanantem
1988 581 2046 637 in

375 659 601 736 utroque
636 680 817 737 pare-m
853 655 1236 738 agnoscamus?
1321 661 1642 717 Dicamusne
1677 661 2045 722 Hannibalem

377 741 480 804 effe
510 747 728 802 heroem
754 746 1030 811 carminis,
1063 743 1129 801 ad
1159 746 1300 800 hunc
1324 746 1512 801 omn-ia
1549 741 1752 803 redire?
1836 748 2049 808 Scilicet

374 834 418 888 is
456 834 694 909 princeps
723 851 815 910 per
839 851 1004 888 oin-ne
1024 829 1232 888 'bellum
1259 833 1564 890 Poenorum
1601 835 1892 912 imperator
1924 831 2045 895 fuit.

375 914 602 976 Nihil-ne
638 933 814 976 autem
848 918 1112 975 Romanis
1146 917 1574 997 imperatoribus,
1625 918 1762 976 nihil
1804 922 2047 999 Scipioni

371 1002 700 1062 tribuamus?
802 1003 952 1061 Num
983 1024 1181 1062 eorum
1215 1002 1472 1073 leviores,
1510 1025 1671 1086 quam
1710 1006 2048 1076 Hannibalis,

371 1092 432 1147 in
470 1087 612 1146 bello
655 1091 760 1148 hoc
796 1093 993 1149 Punico
1034 1107 1199 1170 partes
1238 1086 1343 1147 five
1378 1093 1587 1150 virtutes
1624 1086 1871 1150 fuerunt?
1958 1098 2046 1154 An

372 1172 613 1234 dicemus
651 1175 784 1234 Silio
829 1173 1163 1258 propositum
1213 1171 1393 1245 fuisse,
1446 1191 1531 1244 ut,
1578 1175 2068 1258 quemadmodum'

372 1263 587 1321 Aeneae
620 1282 682 1321 ex
719 1261 896 1321 Troia
933 1279 1080 1347 capta
1116 1258 1331 1344 profugi
1370 1260 1490 1344 post
1523 1261 1717 1343 longos
1754 1285 1954 1323 errores
1986 1268 2045 1325 in

371 1350 582 1407 Latium
619 1346 872 1409 adventus
905 1366 955 1408 et
988 1347 1202 1409 condita
1235 1349 1299 1406 ab
1337 1369 1403 1407 eo
1430 1351 1484 1406 in
1502 1351 1588 1406 his
1611 1349 1739 1408 locis
1766 1353 2044 1409 Troiano-

371 1454 496 1494 rum
531 1433 747 1494 colonia
786 1457 1026 1517 novaque
1052 1432 1192 1495 sedes
1218 1450 1394 1516 parata
1417 1456 1446 1493 a
1469 1435 1704 1516 Virgilio
1730 1439 1787 1494 in
1810 1434 2044 1510 Aeneide

368 1520 758 1602 exponebatur,
804 1525 871 1581 ita
901 1521 991 1581 ille
1016 1526 1393 1582 Romanorum
1430 1521 1547 1602 post
1580 1543 1811 1603 magnos
1837 1521 2045 1583 labores

368 1606 659 1666 exantlatos
686 1605 959 1667 fortunam
987 1625 1037 1668 et
1060 1609 1345 1669 vifloriam
1371 1605 1626 1668 traderet?
1715 1613 1929 1689 Nempe
1954 1613 2048 1669 hic

368 1692 499 1751 belli
540 1698 723 1754 Punici
761 1691 974 1754 secundi
1011 1713 1222 1755 eventus
1254 1691 1384 1764 fuit,
1434 1698 1524 1776 qui
1560 1717 1672 1755 non
1701 1694 1928 1754 consilio
1958 1694 2044 1755 vel

361 1778 599 1846 artificio
649 1798 863 1862 poetae,
919 1778 1006 1839 sed
1053 1804 1232 1841 rerum
1281 1780 1546 1862 gestarum
1576 1781 1670 1840 vtali
1707 1780 2045 1841 conver-finni

366 1863 599 1926 debetur.
688 1866 864 1926 Plures
905 1867 1210 1927 huiusmodi
1249 1867 1357 1926 loci
1394 1888 1716 1927 communes
1755 1873 2046 1949 excogitari

361 1967 643 2034 poterunt,
686 1953 869 2034 quibus
893 1952 1175 2012 statuamus
1201 1953 1394 2013 Silium
1420 1974 1554 2035 opus
1575 1951 1728 2014 'suum
1767 1951 2048 2035 superstru-

365 2033 531 2107 xiffe‚
566 2034 609 2095 -fi
646 2038 818 2097 modo
854 2061 996 2097 nunc
1019 2037 1220 2098 necesse
1247 2036 1398 2110 esset,
1441 2056 1496 2098 ut
1520 2043 1576 2098 in
1595 2045 1900 2122 argumenti
1926 2045 2056 2100 uni-'
2089 2052 2091 2054 ’

363 2139 497 2193 tate,
540 2121 626 2195 vel
659 2141 803 2185 certo
838 2130 1088 2185 carminis
1115 2126 1278 2185 heroe
1300 2119 1668 2186 constituendo
1693 2124 1846 2188 valde
1872 2126 2048 2190 elabo-

361 2231 620 2271 raremuS.
2028 2258 2033 2273 ,

495 2292 640 2377 Qid
689 2293 893 2354 multa?
979 2296 1180 2355 Nonne
1226 2292 1466 2355 maxime
1498 2292 1910 2354 consentaneum
1946 2293 2044 2366 est,

360 2380 497 2443 Silio
539 2379 633 2462 ipsi
670 2385 922 2440 carminis
956 2378 1028 2439 sui
1066 2382 1326 2442 ambitum
1363 2381 1733 2444 &confilium
1767 2378 2042 2463 perspicue

358 2466 670 2528 describenti
696 2471 961 2527 maiorem
988 2489 1150 2549 quam
1178 2469 1520 2550 opinionibus
1547 2466 1733 2530 nostris
1756 2468 1924 2528 fidem
1948 2471 2043 2528 ha-

361 2555 510 2615 beri?
601 2561 644 2614 ls
683 2558 853 2635 itaque
892 2555 1010 2612 libri
1049 2558 1211 2636 primi
1254 2559 1406 2615 initio
1432 2554 1656 2615 versibus
1680 2558 1866 2636 viginti
1896 2559 2039 2635 prio-
2110 2568 2114 2573 ’

360 2642 504 2702 ribus
539 2663 659 2702 eam
685 2648 861 2721 operis
884 2645 1039 2700 totius
1077 2639 1484 2722 descriptionem
1515 2638 1672 2712 facit,
1715 2663 1864 2724 quae,
1888 2639 1929 2699 fi
1952 2662 2040 2700 or.

342 2740 546 2787 ‘natum
587 2731 851 2808 poeticum
890 2750 1071 2802 exuas,
1111 2727 1173 2787 ad
1209 2731 1346 2787 hanc
1381 2726 1686 2810 {implicem
1725 2726 2038 2788 sententiam

357 2813 523 2874 redit:
570 2813 770 2875 bellum
807 2818 1066 2898 Punicum
1100 2811 1389 2874 secundum
1422 2837 1642 2884 enarro,
1685 2837 1793 2897 quo
1818 2817 2037 2873 Cartha-

329 2904 432 2981 'go
472 2904 527 2959 in
567 2899 828 2959 ditionem
865 2898 1276 2983 potestatemque
1313 2903 1690 2961 Romanorum
1719 2899 1925 2960 redecia
1950 2898 2040 2962 est.

356 2988 476 3046 Iam
506 2986 787 3068 quomodo
815 3006 966 3068 poeta
998 2991 1100 3046 hoc
1123 3005 1496 3069 argumentum
1525 2990 1846 3055 traciaverin
1881 2983 2038 3067 supra

355 3069 853 3134 demonstravimus,
943 3078 1086 3133 Hinc
1114 3075 1462 3143 efficiebatur,
1504 3076 1697 3159 Sffium
1724 3094 1894 3156 neque
1924 3075 2036 3132 hoc
2117 3077 2118 3081 ’

356 3156 550 3240 egisse,
604 3176 659 3219 ut
699 3160 972 3220 historiam
1015 3161 1138 3220 belli
1180 3165 1363 3220 Punici
1406 3158 1619 3240 secundi
1668 3158 2034 3228 conscriberet,

352 3265 523 3323 neque
564 3262 621 3305 ut
663 3269 879 3307 carmen
920 3252 1134 3328 epicum
1172 3245 1470 3316 eiusmodi,
1519 3245 1670 3330 quale
1708 3250 1940 3306 Homeri
1982 3260 2050 3304 et*

350 3330 570 3411 Virgilii
623 3336 844 3413 ingenio
892 3331 1173 3404 debemus,
1217 3350 1584 3416 componeret.
1683 3332 1826 3415 Qid
1875 3337 2033 3412 igitur

345 3417 595 3478 restabit?
680 3422 831 3482 Mihi
874 3416 1122 3503 quidem,
1173 3414 1231 3481 ut
1265 3420 1478 3482 tandem
1513 3418 1799 3503 aliquando
1835 3417 2032 3562 dicaind,

1899 3525 1987 3586 qui
