2118 3840
347 251 498 294 xut
674 223 1533 298 “PRAEFATIO

349 394 476 441 eum
499 385 728 442 ornnem
751 382 904 440 variis
931 376 1372 442 Adversariorum
1400 374 1571 442 Libris
1593 376 1864 441 recensuit.
1916 381 2034 441 Hic

347 466 526 527 autem
548 464 737 526 Codex
770 465 893 525 licet
923 487 1038 527 non
1075 469 1267 550 ubique
1299 484 1533 543 tantam,
1580 481 1832 549 quantam
1865 467 2032 527 Colo·

347 551 574 622 nienGS,
619 550 787 612 fidem
838 567 1149 623 mereatur,
1174 559 1407 613 minime
1449 570 1632 614 tamen
1675 551 2030 636 negligendus

345 637 448 712 ‹3ss3
491 657 609 700 tum
635 636 778 721 quod
808 642 1100 698 innumeris
1123 639 1256 698 locis
1279 637 1567 700 veriffimas
1591 644 2027 722 Agrippinatium

343 727 786 788 membranarum
825 722 1079 784 lectiones
1114 748 1143 783 a
1178 723 1378 786 Modio
1415 724 1644 786 laudatas
1684 731 1893 807 egregie
1936 726 2032 786 fir-

342 827 478 882 met,
494 828 610 871 tum
640 813 886 892 inprimis
915 807 1059 892 quod
1084 814 1352 894 integrum
1375 813 1537 872 nobis*
1554 811 1746 871 Silium
1772 813 2031 883 exhibeat,

343 919 471 958 cum
495 894 917 979 manuscriptum
942 895 1296 969 Coloniense‚
1338 923 1369 960 a
1399 901 1611 959 barbara
1636 921 1799 958 manu
1825 918 2029 958 trunca-

286 1063 289 1065 Δ
342 1000 494 1056 tum,
548 981 782 1044 dimidio
814 983 935 1042 libri
975 980 1102 1045 sexti
1138 983 1337 1047 decimi
1374 1004 1424 1046 et
1461 1004 1574 1046 toto
1607 987 1802 1045 ultimo
1837 999 2026 1044 careat.

338 1073 582 1132 Barthius
603 1091 750 1142 vere,
794 1073 886 1154 qui
910 1079 1218 1153 ceteroquin
1242 1073 1450 1133 lumine
1473 1075 1666 1132 mentis
1696 1094 1858 1153 quam
1885 1093 2030 1130 acer·

337 1161 488 1219 rimo
518 1156 776 1241 praeditus
805 1172 946 1228 erat,
987 1155 1120 1222 dum
1147 1156 1469 1242 Dausqueio,
1494 1180 1652 1244 quem
1683 1162 1850 1239 poetis
1873 1179 2032 1217 enar--v

338 1241 518 1304 randis
567 1243 734 1327 longe
770 1242 1087 1325 praecellere
1123 1243 1389 1318 censebat,
1442 1268 1504 1307 ac
1537 1245 1711 1329 plures
1747 1242 2027 1327 scriptores

336 1328 617 1392 illustrasse
664 1332 908 1414 optabat,
958 1347 1140 1392 contra
1191 1332 1447 1394 Modium
1483 1350 1540 1394 'et
1581 1330 1869 1391 Heinsium
1906 1331 2024 1414 plus

336 1425 510 1501 aequo
547 1415 720 1489 favet,
761 1436 878 1478 non
911 1426 1167 1489 raro',''ut
1199 1420 1330 1482 alter
1351 1423 1536 1489 Ixion,
1577 1439 1678 1501 pro
1702 1421 1903 1477 lunone
1929 1439 2026 1477 nu-

334 1505 468 1565 bem
501 1503 779 1587 amplexus
814 1505 903 1564 est.
1003 1504 1186 1566 'Haud
1218 1506 1391 1590 'longe
1426 1505 1546 1589 post
1585 1508 1861 1589 Barthium
1903 1504 2024 1563 Silii

333 1589 909 1676 emendationi·etiam
945 1597 1190 1671 animum
1240 1591 1511 1654 intendere
1541 1596 1732 1674 'coepit
1777 1595 1858 1650 vir
1900 1593 2026 1651 Exi-

332 1683 512 1750 mins,
550 1693 605 1741 et,
637 1688 736 1760 pro
774 1681 979 1738 meritis
1014 1683 1068 1738 in
1107 1683 1233 1740 haec
1255 1679 1422 1740 studia
1448 1701 1744 1764 numquam
1771 1674 1886 1736 satis
1916 1675 2024 1736 lau-

328 1762 567 1833 dandus,
605 1766 875 1824 Iohannes·
912 1763 1216 1826 Fredericns
1252 1771 1592 1836 GronoviuS,
1631 1769 1802 1847 quiin
1829 1761 2022 1824 Obser-

326 1845 632 1915 vationibus
668 1867 720 1910 et
760 1850 875 1909 aliis
918 1857 1218 1912 aeternitate
1259 1851 1576 1936 digniffimis
1628 1850 1830 1933 scriptis
1874 1871 2020 1931 egre-

327 1942 482 2021 giam
526 1936 705 1997 lucem
742 1934 1132 1998 difficilioribus
1171 1962 1232 1998 ac
1268 1963 1394 2021 prae
1432 1940 1646 2020 reliquis
1684 1935 1932 2019 depofitis
1969 1953 2022 1998 et
2063 1961 2075 1975 ⁸

328 2024 676 2084 conclamatis
714 2024 849 2083 locis
886 2028 1109 2106 ingenio
1144 2042 1196 2084 et
1216 2048 1322 2108 ope
1345 2025 1807 2087 vetustiffimarum
1833 2021 2022 2082 editio·

327 2129 465 2175 num
490 2105 697 2170 affudit.
782 2109 1020 2170 Vltimus
1046 2109 1275 2194 denique
1306 2113 1483 2173 nostra
1518 2116 1789 2172 memoria
1823 2110 2019 2170 Silium

329 2218 480 2261 anno
509 2194 672 2278 elapfi
699 2193 857 2256 seculi
882 2201 1069 2276 quinto
1094 2195 1247 2280 supra
1276 2198 1689 2282 nonagesimum
1730 2194 1932 2280 Lipfiae
1957 2200 2019 2257 in

325 2282 606 2366 publicum
644 2281 819 2343 emifit
855 2282 1248 2345 Celeberrimus
1284 2285 1573 2355 Cella1·iuS‚
1615 2290 1705 2366 qui
1739 2305 1803 2342 ex
1825 2287 2018 2365 priori-

325 2371 424 2433 bus
448 2373 670 2439 criticis,
711 2367 943 2438 Medio,
986 2374 1230 2441 Barthio,
1268 2377 1572 2442 Gronovi0‚
1615 2376 1736 2431 Nic.
1763 2368 2015 2441 Heinsio,

326 2456 578 2536 aliisque,
619 2476 751 2539 quae
773 2460 1051 2539 praecipue
1077 2457 1143 2518 ad
1171 2476 1353 2541 poetae
1377 2460 1542 2519 nostri
1566 2473 1814 2518 ornatum
1841 2479 1901 2515 ac
1927 2454 2014 2516 de·
2104 2529 2118 2539 .

326 2563 419 2604 cus
451 2541 625 2604 facere
660 2540 998 2613 videbantur,
1031 2551 1380 2628 conquirens,
1418 2550 1583 2628 iisque
1616 2562 1761 2604 notas
1787 2541 1896 2602 suas
1920 2541 2011 2602 ad-

322 2628 488 2701 dens,
527 2625 975 2690 accuratam-satis
999 2647 1152 2713 atque
1175 2634 1501 2692 concinnam
1527 2628 1818 2691 editionem
1847 2627 2007 2691 dedit.

322 2718 578 2781 Maxime
600 2737 727 2777 vero
753 2720 806 2776 in
835 2714 1161 2798 praefatione
1181 2717 1245 2778 ad
1268 2722 1550 2784 Lectorem
1578 2713 1832 2778 laudat‘et
1861 2738 2009 2799 prae-

324 2802 465 2864 dicat
488 2808 663 2865 viruin
691 2802 1100 2885 Ampliffimum
1122 2805 1446 2867 Fridericum
1471 2801 1818 2867 Benedickum
1838 2807 2006 2886 Carp-

323 2895 577 2958 zovium,
613 2891 933 2953 Germaniae
957 2887 1075 2951 suae
1107 2891 1382 2974 quondam
1411 2895 1819 2959 Maecenatem,
1855 2887 2004 2972 quod

324 2974 623 3062 editionem
649 2976 888 3036 Danielis
910 2977 1116 3037 Heinsii
1134 3023 1151 3049 ,
1194 2985 1279 3040 cui
1306 2979 1445 3040 filius
1468 2978 1723 3041 Nicolaus
1749 2973 2007 3036 Heinfius

323 3086 490 3130 mauu
525 3061 614 3141 sua
652 3064 827 3145 plures
864 3067 1195 3126 coniecturas
1224 3084 1277 3126 et
1299 3064 1698 3127 emendationes
1725 3059 2003 3145 adscripse-

320 3168 431 3226 ηπ,
468 3155 875 3215 communicare
902 3150 1154 3221 voluerit,
1197 3170 1251 3213 ut
1281 3176 1393 3223 eaS,
1430 3170 1706 3234 tamquam
1744 3147 2001 3232 pretiofis-

319 3232 483 3312 simas
505 3258 783 3318 gemmaS,
817 3240 1243 3300 annotationibus
1268 3237 1371 3300 suis
1396 3236 1731 3300 immisceret.
1793 3239 2003 3297 Verum
2080 3267 2084 3269 -

322 3326 753 3406 et'Carpzovium
784 3341 834 3384 et
859 3323 1155 3385 Cellarium
1185 3330 1456 3407 opinionis
1482 3329 1633 3387 huius
1659 3321 1817 3384 falsos
1843 3320 2003 3383 fuisse

320 3408 562 3478 haudita
582 3408 794 3500 pridem
823 3406 939 3475 casu
966 3411 1203 3495 quodam
1229 3410 1411 3476 didici.
1466 3408 1825 3475 Adornandae
1847 3413 1998 3555 elnim

860 3533 866 3539 ·
1887 3518 1999 3555 lule
