2118 3840
277 169 510 213 xxvut
725 149 1515 216 DISQVISITIO

275 303 456 403 quales
479 297 677 360 fuerint
701 318 781 356 res
804 255 1006 379 gestae,
1042 295 1320 367 sciremus,
1366 297 1451 359 sed
1480 305 1651 381 potius
1674 297 1953 364 doctrinae

273 393 517 473 poeticae
549 382 948 464 expromendae
981 402 1134 466 atque
1168 373 1522 446 ostendendae
1560 385 1782 449 serviret.
1873 391 1951 451 Ita

269 473 460 537 saltem
504 473 700 531 Silium
744 492 857 529 non
893 469 1130 529 dicemus
1165 469 1510 549 mendacem,
1563 473 1648 533 vel
1684 481 1948 555 ineptum,

268 562 360 623 vel
387 564 568 620 omnis
593 562 714 618 artis
741 573 1040 656 expertem5
1089 554 1202 614 satis
1232 557 1320 625 est,
1367 557 1404 617 fi
1432 562 1718 620 hominem
1750 561 1948 622 doctri·
1992 563 1998 589 ²

266 670 338 708 na
362 645 448 706 sua
477 644 542 706 acl
568 641 787 704 lusum
771 647 974 722 ingenii
1000 639 1219 701 abusum
1248 640 1352 701 effe
1377 643 1944 720 iudicaverimQS.1ta

264 729 485 794 fortaffe
510 736 568 791 hi
593 727 690 811 ipfi
716 725 853 787 lusus
878 749 976 787 nos
1001 727 1360 799 delectabunt,
1399 728 1469 800 fi,
1502 731 1684 792 ludere
1723 750 1943 813 poetam

264 815 526 886 voluisse,
570 814 812 876 sciamus.
916 820 987 874 Ita
1015 815 1246 898 denique
1269 839 1340 876 ne
1365 820 1419 876 in
1450 835 1687 878 mentem
1717 817 1940 901 quidem

262 906 419 966 nobis
449 908 624 965 veniet
649 925 677 960 e
701 900 834 961 Silio
871 898 1099 972 discere,
1145 901 1429 985 quomodo
1461 905 1677 966 historia
1713 903 1842 966 vers
1848 907 1940 969 bus

259 989 570 1060 enarranda,
598 989 681 1049 vel
709 986 996 1069 quomodo
1018 1012 1235 1051 carmen
1259 995 1531 1073 epicumi
1494 989 1533 1050 s
1537 1009 1556 1051 t
1579 989 1952 1064 scribendum,'

257 1101 385 1138 cum
416 1068 662 1138 neutrum
691 1074 848 1135 illum
886 1073 1111 1136 voluisse
1137 1077 1569 1138 intellexerimus.
1653 1081 1721 1137 Et
1756 1076 1938 1140 nescio

254 1161 541 1248 profe610,'
594 1187 661 1223 an
694 1160 827 1221 illud
854 1160 1027 1244 ipsum
1052 1182 1238 1246 poetae
1259 1164 1584 1235 institutum,
1619 1163 1766 1246 quod
1793 1165 1934 1226 mul-

250 1256 318 1312 tis
350 1248 771 1335 reprehendendi
809 1267 858 1309 et
893 1250 1275 1312 contemnendi
1312 1248 1450 1311 adeo
1474 1255 1757 1312 materiem
1787 1274 1935 1333 prae-

250 1338 396 1412 buit,
438 1340 859 1397 machinationes
879 1343 930 1397 e't
950 1338 1241 1399 ministeria
1263 1341 1509 1398 Deorum
1534 1385 1550 1411 ‚
1594 1359 1932 1421 omnemque

246 1425 409 1485 illum
437 1442 748 1507 apparatum
772 1442 1127 1507 ornatumque
1159 1429 1405 1508 epicum,
1449 1446 1610 1507 quem
1651 1421 1805 1506 supra
1842 1423 1930 1485 cle·

243 1509 580 1613 scripsimuS‚
621 1509 940 1581 adhibendi,
987 1509 1196 1596 nescio,
1250 1516 1504 1592 inquam,
1553 1534 1623 1572 an
1651 1513 1760 1571 hoc
1785 1510 1929 1572 insti-

242 1614 420 1659 tutum
445 1603 605 1659 etiam
631 1595 960 1659 laudandum
986 1596 1076 1667 sit,
1125 1616 1176 1660 et
1219 1596 1550 1658 considerato
1579 1614 1765 1680 poetae
1788 1596 1924 1658 iudi-

239 1690 329 1746 cio
352 1683 710 1746 tribuendum.
803 1686 949 1744 Nam
973 1707 1101 1745 cum
1135 1707 1328 1747 omnes
1361 1682 1584 1746 sentiant
1610 1684 1747 1745 nihil
1772 1682 1925 1766 posse

236 1775 466 1833 ieiunius
491 1789 542 1831 et
565 1775 791 1852 ineptius
815 1769 921 1830 esse
946 1776 1186 1832 carmine
1213 1794 1311 1843 eo,
1359 1769 1507 1854 quod
1530 1771 1810 1832 historiam
1835 1793 1925 1833 ve·

234 1881 356 1921 ram
390 1875 442 1918 et
474 1863 830 1917 recentiorem
868 1862 1029 1918 meris
1053 1857 1280 1919 versibus
1305 1875 1541 1943 enarret,
1585 1881 1689 1919 uua
1719 1856 1831 1918 fere
1857 1859 1921 1920 il

232 1944 335 2006 lius
363 1942 560 2005 fastidii
587 1942 1019 2025 absurditatisque
1043 1942 1366 2006 minuendae
1391 1961 1578 2027 poetae
1601 1950 1736 2006 ratio
1761 1946 1921 2006 relin-

232 2037 442 2115 quitur,
487 2053 648 2114 quam
687 2031 844 2090 Silius
878 2029 1170 2113 usurpavit,
1206 2047 1263 2091 ut
1299 2049 1495 2113 ignotis
1513 2048 1671 2101 nota
1711 2054 1832 2092 vera
1855 2032 1916 2091 fl-

228 2120 359 2190 ἃῐε,
395 2140 533 2178 nova
561 2121 818 2199 antiquis,
857 2122 995 2177 mira
1021 2116 1341 2200 quotidianis
1367 2115 1617 2186 misceat,
1669 2135 1821 2203 atque
1841 2125 1913 2181 ita

223 2225 377 2269 notas
405 2228 585 2266 rerum
612 2202 773 2263 facies
797 2203 1112 2286 quibusdam
1139 2205 1298 2265 veluti
1328 2203 1485 2265 larvis
1511 2202 1722 2275 induat,
1775 2228 1915 2287 quae

220 2291 361 2354 dum
384 2292 645 2354 vetustatis
671 2286 820 2350 sensu
858 2295 1178 2352 intuentium
1204 2295 1418 2350 animos
1458 2289 1719 2359 illudant,
1754 2294 1907 2354 novi-

219 2385 336 2452 tatis
371 2379 511 2440 illius
546 2396 598 2438 et
620 2375 987 2438 familiaritatis
1027 2378 1298 2458 quandam
1323 2378 1658 2439 oblivionem
1690 2374 1909 2450 faciant,

220 2484 274 2528 et
294 2471 540 2528 varietate
563 2463 649 2525 sua
679 2465 924 2525 lectionis
947 2483 998 2525 et
1021 2463 1328 2525 suavitatem
1366 2482 1417 2525 et
1438 2461 1787 2527 constantiam
1813 2489 1904 2526 au·

213 2564 392 2636 gemit.
521 2550 789 2636 Qicquid
842 2550 936 2622 iit,
978 2570 1115 2612 certe
1148 2549 1370 2611 dubitari
1407 2555 1494 2612 vix
1531 2551 1728 2633 potest,
1768 2557 1907 2635 quin.

215 2644 327 2702 hoc
353 2663 518 2722 genus
548 2642 870 2700 tractationis
898 2644 1124 2700 carmini
1147 2637 1215 2699 ad
1243 2643 1451 2720 epicam
1480 2635 1722 2699 formam
1745 2661 1900 2702 com.

213 2727 395 2811 posito
418 2729 595 2787 multo
632 2725 670 2784 s
674 2745 694 2786 t
717 2731 1149 2796 convenientius,
1195 2725 1284 2785 illa
1325 2731 1561 2795 ratione,
1605 2748 1767 2810 quam
1797 2729 1900 2787 Lu·

213 2839 373 2874 canus
399 2820 455 2874 in
482 2810 785 2875 Pharsalicis
810 2818 1004 2882 tenuit,
1062 2817 1151 2894 qui
1179 2835 1404 2873 omnem
1437 2835 1601 2893 paene
1641 2831 1895 2875 ornatum
1920 2874 1926 2880 ,

211 2905 467 2961 carminis
509 2899 883 2960 sententiarum
931 2905 1211 2969 acumine,
1270 2919 1321 2959 et
1357 2904 1616 2959 rhetorica
1661 2899 1895 2983 quadam

207 2986 597 3048 declamatione
621 2986 953 3069 complexae,
993 2987 1165 3047 modo
1194 2992 1249 3046 in
1278 2986 1565 3047 molestum
1599 3005 1896 3058 tumorem,

204 3073 381 3135 modo
421 3080 476 3134 in
518 3092 732 3133 tenuem
773 3091 823 3133 et
855 3073 1091 3134 mollem
1131 3073 1465 3134 subtilitatem
1509 3071 1720 3144 incidit,
1757 3096 1894 3156 quae

205 3164 377 3222 ambo
410 3158 525 3221 sunt
557 3166 678 3219 vitia
706 3165 884 3241 epicae
907 3166 1182 3243 gravitati,
1232 3162 1298 3222 ab
1330 3161 1473 3223 illo
1457 3165 1706 3247 inprimis
1731 3182 1888 3244 quae-

201 3248 327 3311 fitae
339 3295 358 3324 ‚
394 3245 606 3334 prorsus
640 3253 927 3311 contraria

278 3392 311 3458 N
961 3387 967 3393 .
1399 3386 1406 3390 κ
1777 3392 1901 3474 Sed'

2020 255 2051 279 Ο
