2118 3840
347 207 457 275 480
811 202 873 262 C.
942 202 1154 262 SILII

1223 205 1566 263 ITALICI

350 358 478 414 Nec
508 355 756 434 cuiquam
788 356 952 414 virtus
983 357 1240 435 propiora
1280 351 1553 435 capessere
1575 353 1740 418 bella:

348 440 681 520 Longinquis
719 437 911 500 audent
952 440 1160 509 iaculis,
1217 455 1267 498 et
1301 438 1569 500 arundinis
1610 444 1736 503 idlu.

349 527 534 583 Vritur
570 528 878 606 impatiens,
910 542 961 585 et
998 529 1183 609 magni
1217 531 1456 608 corporis
1493 524 1635 586 aestu

349 611 481 669 Huc
518 626 671 692 atque
709 615 813 670 huc
851 615 1007 672 iacias
1046 610 1284 671 accendit
1321 613 1471 672 belua
1503 612 1781 676 flammas:

348 699 546 758 Donec
579 700 741 756 vicini
774 695 990 758 tandem
1029 694 1080 756 se
1116 697 1355 758 fluminis
1394 695 1548 775 undis

1894 700 2017 782 ὄις

349 787 700 862 Praecipitem
738 781 911 852 dedit,
967 800 1044 853 et,
1089 789 1231 844 tenui
1266 782 1481 865 decepta
1520 777 1738 868 'liquore

348 871 648 950 stagnantis
683 892 779 951 per
811 870 966 952 plana
1005 868 1154 940 vadi,
1208 870 1326 930 tulit
1361 876 1517 931 incita
1557 872 1735 953 longis

348 955 656 1018 Exstantem
694 960 821 1038 ripis
856 956 1173 1026 flammam,
1216 975 1333 1017 tum
1369 955 1598 1038 denique
1635 955 1744 1018 sese

347 1043 588 1123 Gurgitis
630 1040 895 1103 immerfit
933 1043 1144 1103 molem
1180 1048 1417 1125 capiente
1456 1041 1758 1124 profundo„

436 1135 509 1188 At
542 1151 640 1211 qua
683 1152 860 1212 pugna
903 1127 1084 1200 datur,
1119 1127 1352 1190 necdum
1376 1129 1646 1191 Maurusia
1675 1129 1830 1213 pestis
1892 1135 2020 1194 620

349 1219 484 1295 Igne
521 1213 684 1284 calet,
739 1213 1049 1277 circumfuli
1087 1218 1345 1276 Rhoeteia
1384 1217 1546 1299 pubes

350 1302 513 1363 Nunc
535 1302 744 1374 iaculis,
787 1325 931 1362 nune
955 1319 1006 1362 et
1025 1299 1187 1374 saxia,
1222 1317 1366 1363 nunc‘
1400 1302 1524 1362 alite
1550 1303 1780 1384 plumbo

347 1389 578 1450 Eminus
616 1386 891 1448 incessunt.
945 1392 1020 1448 Vt
1053 1393 1141 1471 qui
1180 1389 1388 1449 castella
1425 1413 1520 1471 per
1556 1390 1691 1449 altos

347 1477 645 1555 oppugnat
683 1477 888 1534 munita
926 1473 1105 1542 Ιοσοε,
1151 1492 1303 1556 atque
1345 1474 1526 1535 assidet
1559 1498 1719 1535 arces.

346 1556 521 1639 ¹,Ausus
561 1557 721 1642 digna
760 1557 1161 1630 vir0‚-fortuna
1195 1560 1355 1639 digna
1389 1559 1633 1630 secunda,

1895 1564 2015 1639 625

350 1638 623 1706 Extulerat
647 1643 887 1708 dextram
914 1642 1066 1729 atque
1090 1644 1366 1710 adversum
1402 1653 1710 1708 comminus
1733 1645 1918 1709 ensem

349 1733 592 1795 Mincius
627 1729 818 1793 infelix
855 1730 996 1793 anfi:
1043 1730 1132 1793 sed
1164 1732 1406 1804 stridula,
1456 1734 1711 1795 anhelum

349 1821 641 1880 fervorem
676 1815 983 1889 effunden8‚
1020 1818 1245 1880 monstri
1283 1821 1707 1882 manusabstulit
1745 1826 1854 1882 acri

354 1904 693 1988 Implicitum
727 1927 897 1977 nexu,
942 1903 1164 1987 diroque
1201 1906 1464 1988 ligamine
1493 1905 1660 1979 torfit,

351 1992 423 2053 Et
459 1989 665 2073 superas
697 1992 800 2053 alte
835 1990 1091 2053 miserum
1127 1993 1348 2054 iaculata
1393 2015 1485 2076 per
1521 2015 1668 2056 auras

353 2077 572 2139 Telluri
609 2077 746 2140 elifis
781 2078 976 2141 afflixit
1015 2078 1267 2157 (flebile)
1304 2081 1578 2142 membris.

1898 1998 1934 2055 6
1944 2014 2022 2068 30

1910 2167 2030 2227 Has

524 2282 625 2335 624.
655 2278 803 2334 assidet
822 2297 873 2323 ex
896 2283 1061 2328 Colon.
1083 2257 1205 2326 Mod.
1246 2283 1316 2326 Sic
1340 2294 1385 2324 et
1403 2284 1546 2326 Oxon.
1571 2295 1616 2324 et
1641 2282 1709 2323 ed.
1731 2283 1857 2329 Rom.
1895 2285 2024 2339 vulg.

464 2338 631 2390 ebfidet.

467 2511 537 2550 xit
569 2511 583 2555 (
593 2508 764 2560 flebile)
795 2512 997 2551 membris.

359 2642 441 2683 12.
472 2625 534 2682 cf.
560 2624 648 2682 lib.
674 2631 738 2688 V,
760 2642 881 2696 442.
902 2658 966 2672 -
1032 2629 1152 2697 614.

338 2700 549 2752 ‚accendit
584 2697 642 2767 fl.
692 2714 833 2764 auget
882 2701 982 2751 vim
1021 2702 1151 2751 flam-

352 2789 491 2835 mae,
527 2770 641 2820 dum
684 2770 732 2820 se
778 2772 920 2822 iaCtat
959 2785 1006 2822 et
1047 2791 1155 2823 cum

351 2847 538 2912 impetu
568 2855 731 2892 movet
755 2842 928 2894 bellua.
963 2843 1156 2896 Planius

349 2915 555 2966 eandem
587 2914 869 2965 sententiam
905 2913 1042 2983 supra
1075 2933 1152 2966 ex-

352 2986 618 3058 plicaverat
638 2999 779 3054 poeta
805 2984 887 3037 lib.
911 2991 1014 3052 VII,
1033 3001 1151 3055 353.

352 3057 654 3128 quqffimtibus
682 3076 815 3128 aegra
846 3066 1060 3110 armentis
1083 3078 1154 3110 ca-

346 3135 476 3201 pita,
520 3130 697 3179 adiutae
723 3130 997 3201 pinguesssere
1020 3130 1153 3198 flam-

353 3221 450 3254 mae
476 3217 662 3267 coepere.

429 3273 551 3327 620.
571 3272 713 3340 seqq.'
737 3272 809 3321 Ab
841 3271 991 3324 altera
1015 3286 1153 3341 parte

351 3343 464 3398 telis
487 3343 718 3394 inceffunt
740 3343 1049 3413 elephantos,
1099 3357 1153 3396 ut

353 3418 389 3472 ’ίί
427 3433 521 3488 arx⁴
547 3416 861 3487 expugnanda
893 3417 1023 3473 effer.
1092 3420 1152 3470 In

669 2397 679 2405 .
747 2341 799 2382 62
808 2350 846 2405 5?
883 2341 1058 2381 Fortuna
1072 2354 1114 2381 ετ
1126 2343 1250 2393 digna
1269 2342 1336 2381 ed.
1352 2340 1442 2407 'ff'
1467 2354 1564 2382 cum
1576 2341 1676 2392 vulg

465 2399 550 2437 cius
573 2398 681 2437 Msn
709 2409 751 2437 et
774 2399 893 2437 editt.
918 2410 1023 2438 vett.
1046 2411 1122 2450 pro
1147 2399 1262 2450 vulg.
1275 2399 1448 2438 Munus.
1990 2449 1991 2452 Ἴ
2115 2448 2118 2451 ⁴

467 2452 584 2493 davit
608 2454 776 2493 modius
802 2467 851 2494 ex
873 2454 1030 2496 Goion.
1089 2454 1271 2507 Vulgata
1294 2454 1417 2494 letz'tio
1447 2466 1535 2495 erat
1565 2453 1724 2494 Tellure
1748 2451 1852 2504 eltfit
1878 2468 1928 2495 ac
1940 2454 2026 2507 fle·
2068 2466 2073 2471 ’

1805 2342 1901 2396 627.
1913 2342 2028 2383 Min-

1516 2437 1522 2445 ,
1563 2398 1661 2450 631.
1689 2395 1867 2438 Versum
1881 2392 2028 2438 emen-

1224 2627 1350 2698 seqq.
1365 2639 1768 2681 commemoratur
1781 2629 1913 2682 scena
1928 2649 2028 2682 me-

1225 2699 1488 2750 morabilis.
1565 2703 1773 2751 Mincius
1804 2703 1916 2754 dum
1938 2722 2022 2754 en.

1226 2771 1271 2822 se
1295 2771 1599 2840 elephantum
1623 2774 1915 2838 aggreditur,
1941 2776 2024 2826 de-

1223 2843 1483 2912 prehensus
1505 2847 1616 2894 etin
1641 2846 1791 2895 aciem
1809 2847 2020 2898 mediam

1223 2917 1373 2966 imitus
1404 2913 1565 2966 telluri
1594 2914 1837 2971 adliditur.
1888 2922 2022 2970 Haec

1222 2984 1483 3047 luxurianti
1527 3000 1700 3039 ornatu
1736 3007 2022 3055 exaggeran-

1220 3071 1312 3109 tur.
1387 3057 1571 3120 movfiri
1593 3078 1744 3110 manus
1763 3102 1775 3122 ,
1822 3061 2022 3131 probos-

1223 3132 1318 3192 cis,
1373 3129 1537 3198 paffim
1585 3132 1734 3183 obvio
1777 3132 2021 3203 exemplu,

1223 3202 1350 3251 unde
1381 3209 1669 3272 anguimanus
1694 3206 1817 3255 dixit
1846 3207 2020 3256 Lucre.

1222 3275 1316 3324 tius
1344 3278 1397 3336 V,
1432 3287 1575 3341 1304.
1665 3279 1734 3326 De
1757 3276 1867 3346 ellsts
1887 3295 2022 3328 mem-
2115 3294 2118 3298 ’

1221 3344 1314 3395 bris
1337 3343 1401 3400 cf.
1419 3344 1622 3402 limilem
1647 3344 1809 3399 locum
1831 3345 1918 3404 lib.
1932 3352 2020 3415 111,

1224 3429 1307 3484 34·
1328 3473 1330 3477 .
