2118 3840
568 322 1071 385 Pvmconvm
1123 288 1273 382 Lm.
1313 325 1410 385 ιν.

1724 341 1826 397 ²13

139 479 212 539 Et
247 471 490 536 summae
527 473 645 554 figit
682 468 1089 534 tremebundam
1128 478 1371 556 margine
1413 495 1644 555 parmae.

139 562 250 623 Cui
279 557 515 634 Consul,
555 582 787 646 namque
811 565 883 621 ira
908 564 1115 643 coquit:
1156 564 1331 632 Pone,
1355 564 1622 646 improbe,
1658 556 1812 646 quid-

939 645 1067 731 quid

138 733 315 795 Restat
348 738 404 793 in
435 731 535 793 bre
567 729 715 804 fere,
753 751 803 794 et
827 749 1058 794 truncata
1089 729 1267 794 fronte
1299 732 1530 796 relucet..

1692 665 1812 726 540

138 825 227 881 Sic
265 825 362 890 ait,
401 825 708 902 intorquens
744 818 948 889 diredto
989 820 1194 880 turbine
1229 822 1410 893 robur,

134 908 205 968 Et
247 905 421 966 dirum
459 923 564 966 tota
604 905 1106 989 tramittitfcuspide
1141 905 1339 967 lumen.

222 995 338 1052 Nec
371 994 542 1054 levior
577 991 754 1054 dextra
792 1012 1062 1076 generatus
1100 993 1408 1054 Hamilcare
1448 990 1623 1055 saevit.

133 1080 282 1140 Huic
319 1078 457 1139 cadit
493 1075 678 1139 infelix
716 1085 881 1141 niveis
918 1088 1153 1142 Varenus
1189 1085 1243 1140 in
1287 1084 1465 1141 armis·

1683 1095 1799 1155 545

132 1168 390 1227 Mevanas
428 1174 689 1236 Varenus.‚
733 1184 842 1226 arat
874 1173 957 1227 cui
993 1166 1167 1227 divitis
1201 1168 1329 1227 uber

131 1255 331 1333 Campi
367 1253 649 1335 Fulginia,
701 1270 751 1312 et
796 1253 979 1333 patulis
1016 1254 1322 1314 Clitumnus
1358 1255 1414 1311 in
1449 1257 1583 1315 arvis

128 1337 431 1398 Can‘dentes
475 1336 657 1420 gelido
692 1336 963 1421 perfundit
997 1339 1221 1400 flumine
1259 1357 1448 1400 tauros.

126 1422 229 1484 Sed
268 1425 429 1484 tristes
468 1427 686 1506 Superi,
734 1443 888 1508 atque
925 1431 1124 1508 ingrata
1161 1433 1394 1488 maxima
1428 1446 1549 1485 cura

125 1513 367 1573 Vit‘lima
403 1513 644 1593 Tarpeio
679 1508 866 1572 frustra
903 1519 1092 1574 nutrita
1128 1514 1393 1575 Tonanti.

1680 1526 1799 1586 550

125 1599 287 1658 Instat
313 1598 482 1658 Hiber
516 1598 686 1676 levi8‚⁸
717 1616 766 1658 et
804 1599 972 1660 levior
1002 1594 1297 1661 'discurrere
1331 1604 1572 1674 Maurus-

125 1686 281 1744 Hinc
306 1685 439 1767 pila,
474 1687 600 1744 hinc
624 1685 854 1762 Libycae
878 1705 1076 1747 certant
1116 1685 1376 1749 subtexere
1397 1707 1587 1747 cornus

123 1768 301 1832 Densa
333 1772 472 1831 nube
511 1769 732 1853 polum:
769 1782 1131 1856 quantumque
1173 1779 1438 1835 interiacet
1472 1774 1625 1855 aequi

123 1857 211 1920 Ad
246 1856 384 1943 rip'as
420 1862 630 1942 campi,
662 1875 868 1919 tantum
903 1862 1160 1921 vibrantia
1195 1859 1437 1924 condunt

973 1950 1191 2022 03¹

1625 1939 1768 2000 Tela
1784 1961 1812 2015 εγ

293 2105 388 2165 ς’39.
420 2123 496 2164 pto
509 2109 608 2164 figit
631 2112 674 2153 in
696 2115 872 2157 Putean.
900 2115 1012 2156 Cod.
1039 2114 1095 2156 est
1118 2118 1222 2168 agie.
1282 2114 1405 2155 Vnde
1433 2112 1489 2154 N.
1509 2109 1653 2153 Heius.
1682 2109 1798 2153 coni.

233 2168 379 2222 ffgit,

486 2169 602 2226 '5410
630 2170 724 2229 feri
745 2172 972 2225 legendum
996 2173 1101 2218 effe,
1144 2170 1337 2213 censebat
1374 2171 1546 2211 Cottius
1572 2170 1623 2208 ad
1651 2167 1799 2218 margi·

233 2239 336 2267 uem
374 2225 469 2267 libri
494 2224 568 2268 sui.
599 2245 657 2258 -—
712 2228 795 2268 Pro
825 2229 978 2268 relucet
999 2230 1144 2270 Oxou.
1175 2234 1355 2268 reducet.
1388 2228 1456 2267 ed.
1485 2228 1622 2267 Parm.
1647 2224 1794 2265 reluce.

232 2281 358 2323 Rom.
378 2281 550 2324 reluffa.
612 2283 738 2325 Vnde
760 2283 817 2323 N.
838 2286 979 2328 Heius.
1004 2286 1121 2328 coni.
1148 2285 1331 2326 relidam
1355 2283 1447 2335 est.·

230 2339 294 2382 610
305 2338 476 2393 NColon-
511 2353 554 2381 et
577 2338 631 2383 fic
656 2340 789 2382 edidit
811 2342 960 2383 Lefeb.

191 2492 312 2549 539.
346 2478 676 2532 tremebundam
692 2517 708 2542 ‚
739 2489 794 2532 ut
827 2490 924 2531 tre·

117 2551 256 2604 mulo
284 2563 421 2602 motu
455 2551 742 2619 pendentem
776 2554 829 2603 in
851 2551 926 2603 su-

116 2623 313 2694 perficie
337 2639 549 2690 parmae.
651 2637 768 2692 541.
803 2630 924 2692 quic·

114 2694 227 2763 quid
257 2694 451 2761 restat„
479 2693 672 2746 oculum
709 2694 925 2765 supersti-

116 2778 218 2817 tem
232 2805 246 2828 ,
293 2764 454 2815 unde·
496 2784 610 2817 mox
664 2784 923 2819 truncatam

104 2840 319 2906 frontem
334 2826 480 2896 dici⁸t3
510 2856 558 2891 v.
582 2836 707 2909 supr.
733 2837 817 2889 lib.
833 2843 920 2902 111,

116 2925 203 2978 42.
225 2908 355 2977 seqq.
428 2910 648 2960 Omnino
663 2914 715 2960 in
738 2911 832 2961 hoc
851 2909 922 2962 lo-

117 3001 178 3034 co
229 2981 333 3032 lunt
383 2982 545 3031 verbis
593 2981 769 3044 Silius,
807 2981 920 3033 dum

114 3055 398 3123 Cupencum
434 3050 577 3103 oculo
610 3071 709 3104 uno
732 3068 921 3123 captum

115 3125 440 3189 defigunturns
454 3161 470 3186 ,
517 3137 723 3192 quatuor
746 3125 923 3178 ‘modis

114 3214 261 3247 unam
303 3194 590 3246 sententiam
644 3198 813 3250 variat.
854 3225 918 3236 —

121 3285 239 3338 542.
273 3268 464 3319 direc‘las
509 3266 643 3317 turbo
689 3271 922 3336 impetum

114 3342 374 3410 exprimit,
411 3358 508 3406 qno
530 3343 634 3407 quis
660 3341 838 3392 hastam
853 3344 922 3392 vi.

112 3415 220 3464 brat
245 3425 294 3461 et
318 3412 499 3473 dirigit.
574 3415 639 3462 lta
661 3411 838 3475 Virgil.
866 3418 922 3466 A.

32 3484 33 3487 ’
111 3487 194 3547 ΙΧ,
219 3498 339 3552 744.
386 3485 620 3550 Irttorquet
634 3488 821 3550 summis
845 3485 919 3538 ad·

94 3557 248 3609 'nixus
270 3554 442 3608 viribus
468 3554 649 3620 hastam.

1551 2290 1648 2334 542.
1680 2285 1799 2322 dere·

1065 2496 1181 2552 545.
1207 2481 1338 2551 seqq.
1386 2487 1514 2535 nivea
1547 2497 1677 2531 erma
1711 2478 1799 2529 vix

989 2552 1132 2606 aliter
1161 2555 1433 2619 intelligas,
1479 2570 1533 2602 ac
1559 2552 1618 2600 de
1636 2548 1798 2617 clipeo

992 2641 1041 2677 et
1066 2626 1217 2677 lorica
1243 2624 1365 2676 albis
1390 2623 1638 2675 taurorum
1656 2619 1798 2691 pelli-

990 2700 1079 2749 bus
1104 2701 1354 2748 contextis.
1446 2697 1693 2756 Mevanas,
1737 2708 1798 2743 ex

991 2772 1218 2820 Mevania
1231 2769 1415 2838 oppido
1427 2768 1485 2818 ad
1501 2765 1806 2818 Clitumnum

990 2843 1194 2893 fluvium
1233 2842 1348 2901 fito,
1397 2857 1539 2909 quem
1567 2850 1617 2888 et
1648 2837 1801 2907 Fulgia

992 2920 1066 2965 nia
1102 2915 1214 2964 urbs
1249 2915 1458 2978 attingit.
1531 2910 1805 2969 Candentes,

988 2984 1024 3039 s.
1049 2983 1184 3036 albos
1207 2998 1454 3036 taurorum
1492 3000 1657 3046 greges
1682 2980 1801 3030 vn·-

991 3056 1137 3122 gilius
1161 3059 1309 3106 etiam
1330 3059 1384 3106 in
1409 3056 1538 3107 arvis
1556 3052 1811 3106 Clitumni„

991 3127 1153 3198 posuit
1178 3132 1357 3193 Georg.
1383 3132 1448 3189 11,
1490 3125 1602 3193 146.
1638 3137 1686 3175 et
1721 3141 1799 3176 te-

992 3203 1218 3252 tra&avit
1240 3198 1384 3250 Silius
1417 3198 1500 3253 lib.
1529 3199 1808 3264 VH¹2453*

993 3274 1046 3322 in
1070 3286 1273 3340 utroque
1303 3270 1412 3321 loco
1438 3268 1702 3334 Virgilium
1730 3266 1799 3317 se-

994 3357 1141 3396 cutus.
1236 3343 1399 3410 Trsses
1429 3344 1585 3411 staperi
1603 3379 1618 3401 ‚
1669 3342 1810 3402 irati,

993 3434 1093 3466 non
1118 3417 1338 3482 propitii.
1373 3443 1443 3455 —
1504 3415 1695 3483 Ingrata
1727 3429 1799 3462 cu-

992 3506 1050 3539 ra
1068 3489 1160 3548 est,
1196 3504 1297 3555 qua,
1314 3485 1442 3541 nihil
1470 3486 1689 3540 efficitur,

1071 3573 1098 3627 5
1108 3573 1134 3627 5
1145 3573 1188 3612 2.
1208 3557 1338 3630 seqq.
1374 3559 1707 3612 Atrocissimae
1716 3574 1803 3626 pu-

1685 3645 1807 3697 gnae
