2118 3840
356 89 424 148 52.

823 67 887 125 C.
956 67 1158 125 SILII
1226 59 1586 128 ITA'LICI'·

355 222 544 303 Erupit
580 220 812 300 quatiens
849 232 1044 285 terram
1081 211 1299 297 fragor.
1343 228 1394 273 et
1421 211 1572 300 super
1607 213 1743 300 ipsas
1834 241 1855 251 ‘

358 312 444 370 Bis
482 323 625 387 pater
666 308 896 362 intonuit
939 308 1218 384 geminato
1249 295 1337 362 'lfu
1343 304 1489 362 mine
1531 326 1751 387 pugnas.

356 390 656 453 Indeinte1
694 390 855 450 nubes
904 405 1183 448 ventorum
1227 388 1432 448 turbine
1475 409 1667 450 caeco

362 479 542 540 Vltrix
592 476 765 536 iniusti
807 477 1027 535 vibravit
1062 472 1430 544 lancea'belli,

363 570 447 627 Ac
481 558 687 622 femine
721 556 939 621 adverso
981 560 1168 620 librata
1208 556 1424 641 cuspide
1458 555 1606 619 sedit.

1917 580 2035 640 540

364 654 631 731 'larpeiae
669 669 853 729 rupeS,
894 644 1206 729 Superisque
1247 646 1543 705 habitabile
1561 643 1765 718 saxum,

363 738 432 803 Et
471 757 596 803 vOS,
612 737 866 815 virginea
905 733 1138 792 lucentes
1176 730 1382 814 semper
1420 737 1478 792 in
1520 755 1625 803 ara,
1667 806 1670 810 ἡ

363 818 800 883 Laomedonteae
826 823 1085 879 'Troiana
1134 820 1312 879 altaria
1342 818 1628 890 flammae,

362 909 520 970 Heu-l
565 923 819 989 quantum
858 907 1007 966 vobis
1053 902 1257 965 fallacis
1303 910 1541 988 imagine
1576 904 1670 965 teli

362 990 658 1058 Promisere
694 994 837 1052 Dei.²
905 996 1124 1076 Propius
1169 991 1209 1051 s1
1255 990 1424 1073 pressa
1458 989 1654 1052 furenti

1824 974 1826 976 ’
1914 996 2037 1070 545·

352 1081 528 1143 -Hassa
564 1077 734 1147 foret,
786 1077 986 1139 clausae
1018 1079 1206 1138 starent
1246 1078 1556 1139 mortalibus
1590 1077 1783 1158 Alpes:

365 1170 510 1235 Nec,
552 1163 971 1244 Thrasymene‚
1029 1170 1128 1224 tuis
1167 1186 1312 1224 nunc·
1349 1164 1492 1225 Allia
1523 1162 1729 1225 cederet
1771 1160 1944 1227 undis-

447 1248 555 1314 Sed
588 1246 1062 1337 Iuno-,asped‘tans
1104 1257 1333 1331 Pyrenes
1372 1257 1562 1314 vertice
1606 1247 1769 1312 celsae

333 1502 1052 1572 'virgil.A.v11,141.42.
1100 1530 1168 1544 --

373 1583 490 1646 538.
530 1574 707 1626 turbine
726 1593 846 1626 caeco
868 1575 1095 1628 occuito
1080 1592 1171 1627 tm·

366 1661 482 1719 Petu
517 1646 650 1699 missa
684 1639 849 1698 lancea
876 1647 1078 1709 dieitur,
1117 1660 1171 1698 ut

366 1738 444 1789 ap.
472 1717 646 1783 Vin-gil.
672 1722 726 1769 A.
753 1721 859 1780 ΧΠ,
883 1735 998 1785 320
1026 1724 1172 1770 incer-

1887 1338 1944 1398 N
1945 1323 2040 1401 ava

1239 1503 1579 1571 admonuisset,
1615 1515 1670 1556 ut
1693 1504 1883 1571 fugeret
1897 1504 2039 1560 saeris

1239 1587 1288 1628 et
1321 1577 1571 1648 penatibus
1602 1578 1844 1629 abduffls.
1895 1584 2041 1631 mani-

1238 1647 1319 1699 bus
1366 1653 1536 1710 vittas,
1596 1650 1854 1718 Vestamque
1883 1666 2041 1716 poten-

1238 1725 1359 1782 tem,
1393 1724 1718 1791 Aeternumque
1739 1725 1885 1785 adytis
1906 1721 2042 1787 effbrt

343 1795 463 1844 ‘tum
484 1800 573 1859 qua
601 1791 728 1856 pulsia
761 1807 919 1855 manu,
959 1808 1047 1857 quo
1068 1806 1170 1841 tur·
1230 1792 1532 1860 penetralibus
1556 1798 1712 1862 ignem.
1727 1820 1796 1834 --
1863 1808 1977 1861 544.
1994 1797 2043 1846 O

364 1855 465 1914 bine
498 1863 668 1913 adac‘la.
715 1879 761 1914 v
796 1862 904 1912 Lib.
947 1866 1007 1921 V,
1044 1875 1168 1930 401.

367 1936 486 1986 Mox
509 1931 707 1984 vibravit
727 1931 944 1984 absolute
962 1949 1071 2004 pro,
1090 1932 1171 1984 ad·

369 2005 553 2059 volavit
590 2021 696 2054 cum
722 2002 939 2056 stridore.

440 2089 575 2143 541-
594 2089 662 2143 47
715 2076 1046 2142 Epiphaneam
1060 2093 1170 2146 poe-

363 2158 447 2199 'tfle
472 2158 587 2215 apto
610 2144 721 2196 loco
754 2145 1002 2196 insertum.
1074 2149 1174 2198 Pri-

369 2236 454 2271 mo
477 2216 778 2287 Capitolium
812 2218 1048 2281 designat,
1086 2235 1171 2268 no·

364 2292 437 2342 tis
466 2300 718 2359 poetarum
755 2287 1009 2352 formulis,
1057 2290 1175 2340 Tar-

361 2367 506 2431 peiam
536 2376 687 2428 rupem
718 2358 990 2428 appellatis,
1026 2373 1074 2410 et
1095 2361 1173 2426 fi-

253 2464 263 2474 ·
367 2447 480 2485 xum
520 2434 624 2500 Sup.
656 2430 914 2494 habitabile,
974 2446 1177 2502 propter

371 2502 665 2568 religionem
711 2506 821 2553 Iovi
867 2500 1073 2565 sacram,
1124 2514 1174 2554 et

367 2578 508 2628 varia
555 2576 764 2625 Deorum
811 2573 1004 2644 templa.
1072 2574 1175 2630 vid.

370 2646 487 2698 infr.
514 2645 611 2698 lib.
630 2650 689 2709 V,
718 2652 795 2709 82.
835 2658 884 2696 et
916 2661 1029 2715 109.
1083 2650 1176 2697 De-

371 2718 485 2769 inde
523 2716 644 2769 vers.
680 2729 795 2786 542.
839 2733 923 2785 43.
961 2719 1174 2768 flammas

367 2803 420 2840 et
442 2788 570 2840 sacra
590 2792 765 2839 'Vestae
787 2790 1030 2853 describit,
1059 2807 1172 2857 quas

374 2863 720 2913 Laomedonteos
756 2876 802 2912 et
836 2863 1030 2912 Troiana
1062 2863 1172 2912 alta·

371 2937 446 2984 ria
483 2932 629 2994 dicit,
681 2934 809 3001 quod
851 2932 934 2983 illa
980 2933 1172 2983 sacrae

373 3006 538 3055 Troia
573 3007 628 3053 in
663 3004 845 3055 ltaliam
878 3003 1019 3055 allata
1047 3003 1169 3067 sunt,

270 3092 273 3094 ·
367 3075 499 3125 unde
522 3074 638 3126 infr.
665 3074 750 3130 lib.
779 3077 842 3140 V,
866 3083 949 3139 82.
1015 3078 1170 3126 Iliacas

359 3145 566 3214 flammas
598 3160 751 3199 vocat.
827 3146 954 3199 Nam
988 3150 1172 3199 Hec‘ior

369 3218 423 3267 in
454 3216 629 3269 somno
664 3224 849 3271 Aeneae
892 3217 1046 3280 visus,
1092 3237 1169 3287 ap.

366 3287 547 3357 virgil.
569 3294 626 3342 A.
651 3294 714 3356 11,
729 3305 849 3364 295.
882 3308 992 3344 cum
1013 3290 1172 3363 ipsum

1239 1875 1466 1931 quantam
1489 1865 1645 1926 vobis,
1664 1867 1887 1929 Romani,
1911 1861 2043 1935 spem

1240 1935 1325 1985 Dii
1349 1935 1657 1987 ostenderunt
1683 1938 1950 2001 vi&oriae‚
1982 1954 2046 1990 ex

1239 2003 1372 2056 illius
1400 2004 1485 2057 teli
1523 2009 1575 2056 in
1616 2006 1938 2059 Hannibalem
1974 2011 2046 2060 ia-

1243 2077 1347 2128 ἃιιέ
1404 2078 1564 2132 Fallax
1584 2081 1742 2144 telum,
1780 2081 1909 2149 quod
1934 2080 2044 2132 vul-

1243 2165 1333 2197 nus
1373 2146 1548 2199 lethale
1598 2164 1645 2202 et
1683 2164 1899 2222 optatum
1940 2170 2042 2204 non

1241 2219 1373 2273 fecit.
1446 2235 1566 2289 545.
1594 2229 1777 2291 propius
1797 2225 1938 2292 prqffa
1977 2221 2046 2276 al
2104 2265 2110 2271 .

1242 2292 1337 2341 tius
1362 2292 1613 2363 impr-effa,
1659 2294 1853 2356 adaia,
1889 2308 1941 2346 ut
1972 2293 2045 2347 le-

1241 2360 1384 2412 thalis
1409 2364 1531 2415 ἰᾶαε
1556 2361 1730 2419 fuisset.
1770 2397 1835 2409 —
1923 2369 2044 2435 546.

1242 2448 1328 2501 47.
1366 2441 1609 2506 nunquam
1632 2437 1876 2488 Hannibal
1902 2437 2046 2511 Alpe·

1241 2504 1459 2569 adiisset,
1514 2525 1602 2558 nee
1649 2509 1707 2558 ad
1759 2509 2046 2572 Thrasyme-

1245 2594 1367 2628 num
1384 2577 1538 2629 lacum
1577 2582 1775 2646 stragem
1803 2584 2048 2634 Romano·

1244 2658 1352 2699 rut'n
1381 2651 1625 2713 edidisset,
1670 2655 1958 2706 atrociorem
1986 2653 2048 2705 il·

1246 2719 1366 2783 lam,
1398 2740 1556 2790 quam
1603 2732 1722 2792 quae
1767 2724 1826 2776 ad
1861 2724 2043 2778 Alliam

1243 2792 1419 2842 flumen
1445 2793 1568 2846 faeta
1590 2808 1717 2858 erat,
1758 2797 1842 2845 ubi
1870 2800 2045 2848 Roma

1241 2866 1300 2985 Fi
1327 2881 1354 2914 a
1377 2864 1530 2918 Gallis
1555 2866 1672 2918 duee
1703 2868 1901 2960 Brenno
1925 2870 2042 2922 caeli

1265 2948 1365 2990 unt.
1530 2980 1535 2986 .

1313 3010 1432 3077 543
1450 3007 1579 3078 seqq.
1607 3013 1758 3072 Iuno,
1794 3011 2047 3076 Romanis,

1242 3090 1295 3129 ut
1328 3082 1389 3130 ab
1435 3083 1587 3132 Aenea
1623 3081 1878 3143 oriundis,
1919 3082 2050 3133 infe·-

1242 3151 1329 3214 sta,
1366 3150 1558 3221 qualem
1583 3169 1642 3202 ex
1663 3154 1901 3218 Homero,
1937 3156 2050 3207 Vir-

1241 3221 1460 3297 gilioque
1499 3227 1749 3287 novimus,
1797 3223 1883 3288 (cf.
1923 3228 2046 3282 Aen.
2084 3240 2089 3241 ⁷

1243 3289 1371 3364 vn,
1377 3309 1498 3406 293.
1512 3294 1667 3368 seqq.)
1702 3308 1898 3369 apparet
1910 3299 2047 3347 Han

1905 3368 2055 3451 niba--
2104 3379 2107 3384 ’
