2118 3840
244 71 412 179 κακὲ
582 71 606 113 ⁵
667 70 1530 186 'Drsovrsr‘mo'

245 244 438 353 gulas
431 271 682 348 carminis
721 285 887 350 partes
912 283 1138 351 poetam
1175 256 1430 366 persequi.
1533 264 1714 330 Nam
1716 284 1770 330 et
1801 266 1929 330 lon·

244 361 372 438 gior
397 379 456 414 ea
490 352 770 456 disputatio
805 353 976 424 foret,
1007 372 1064 414 et
1100 351 1322 416 moleste
1361 369 1750 435 iepeteremus,
1793 376 1926 439 quae

248 440 316 502 ad
353 439 560 523 fingula
595 439 764 501 loca
750 459 804 501 ιι]
818 439 956 522 ipso
993 444 1408 502 Commentario
1447 441 1792 517 commodius-
1830 439 1923 500 ad-

245 533 565 592 notavimus.
660 529 1034 608 Qamobrem
1072 525 1311 588 universe
1339 525 1585 594 dicimus,
1622 527 1817 597 Silium
1854 533 1926 587 ita

244 620 306 678 in
329 618 483 675 omni
508 631 672 697 opere
695 610 1082 694 componendo
1109 610 1368 673 versatum
1395 609 1531 680 effe,
1580 628 1638 670 ut
1661 631 1784 679 eum
1811 636 1926 674 ma-

245 706 327 785 gis
362 718 550 783 poetae
588 723 748 782 quam
783 698 1022 759 historici
1061 715 1305 780 pertesi
1267 697 1363 757 fibi
1404 694 1642 758 sumfiffe
1665 715 1924 782 appareat.

246 787 582 867 Complexus
609 790 760 845 enim
796 790 984 846 animo
1021 801 1187 846 totam
1225 806 1404 844 rerum
1440 790 1497 845 in
1538 784 1683 845 bello
1718 789 1924 846 Punico

245 871 478 934 secundo
503 871 771 954 gestarum
801 876 1103 942 materiem,
1135 870 1533 955 periculumque
1556 868 1788 932 faciurus
1816 893 1925 931 car·

222 964 432 1031 ,minisg
467 963 525 1018 in
550 978 678 1042 quo,
707 977 963 1040 quantum
995 957 1109 1018 fieri
1142 955 1340 1043 posset,
1367 958 1503 1019 nihil
1529 956 1751 1028 deesset,
1776 955 1927 1040 quod
2011 985 2017 990 ·

244 1043 313 1106 ad
353 1043 595 1106 formam
634 1050 885 1105 carminis
917 1049 1148 1116 heroici,
1193 1049 1428 1107 Homeri
1464 1049 1712 1115 maxime
1730 1063 1784 1105 et
1802 1048 1925 1105 Vir-

247 1132 364 1216 gilii
388 1136 697 1200 audioritate
718 1133 1055 1193 constitutam
1079 1138 1392 1216 pertineret,
1422 1135 1545 1192 huic
1567 1129 1810 1216 quidem
1811 1128 1924 1192 for-

245 1242 369 1280 mae
404 1241 631 1281 omnem
673 1213 933 1280 tractandi
971 1226 1272 1302 argumenti
1308 1224 1571 1280 rationem
1609 1239 1930 1279 accommo-

245 1302 408 1366 davit.
516 1304 676 1368 Vnde
723 1306 857 1366 Silio
905 1304 1103 1388 duplex
1138 1330 1262 1367 cura
1297 1304 1628 1376 nascebatur,
1676 1310 1927 1389 primum

241 1391 466 1453 dcchus
510 1415 687 1453 rerum
729 1397 1153 1463 narrandarum,
1218 1392 1409 1454 deinde
1451 1406 1675 1454 ornatus
1711 1395 1926 1471 poetici.

244 1474 331 1542 Ac
355 1477 421 1538 de
444 1481 595 1540 rebus
626 1478 752 1562 ipfis
773 1503 887 1540 non
916 1480 1068 1542 valde
1089 1478 1343 1541 sollicitus
1368 1477 1472 1541 effe
1500 1497 1718 1562 poterat.
1776 1482 1926 1540 Nam

246 1564 714 1649 quemadmodum
753 1565 1058 1629 universum
1096 1567 1298 1628 bellum
1330 1571 1588 1629 Punicum
1618 1588 1740 1650 prae
1763 1584 1928 1628 caete-

224 1657 315 1714 ¹ris
340 1655 679 1732 omnibus,
666 1650 797 1736 quae
832 1678 862 1714 a
896 1658 1159 1716 Romanis
1191 1651 1428 1739 unquam
1457 1655 1598 1738 gesta
1623 1671 1802 1726 erant,
1844 1649 1926 1714 fa·-

243 1744 530 1811 cinor,um
562 1741 960 1823 periculorum,
994 1742 1346 1825 laborumque
1367 1739 1750 1845 magnitudine,
1789 1756 1926 1801 atro-

245 1831 432 1898 citate,
471 1842 538 1886 et
558 1831 809 1908 gravitate
849 1826 1009 1888 facile
1047 1830 1348 1898 eminebat,
1389 1834 1457 1888 ita
1489 1827 1776 1912 singulae
1762 1831 1926 1910 inpri-

244 1920 352 1974 mis
375 1935 461 1984 res
480 1914 682 1995 gestae,
727 1914 912 1997 quibus
936 1931 1196 2017 tanquam·
1213 1912 1570 1976 fundamento
1597 1919 1773 1974 omnis
1799 1913 1927 1974 belli

243 1999 466 2062 historia
498 1997 845 2082 superstrud‘ia
878 2018 1016 2071 erat,
1051 2006 1292 2062 maxime
1314 2000 1542 2062 confilio
1568 2018 1758 2083 poetae
1784 1996 1927 2062 fave·

244 2086 388 2149 bant.
474 2091 622 2169 Ergo
657 2085 908 2171 quicquid
944 2092 1001 2148 in
1038 2090 1194 2150 Livio
1234 2086 1528 2148 tradebatur
1559 2086 1674 2148 obs
1676 2086 1925 2158 monum,

242 2178 703 2256 expugnationum
718 2217 736 2245 ,
752 2175 1106 2257 proeliorum
1123 2220 1140 2244 ,
1171 2173 1385 2235 cladum
1401 2219 1419 2246 ‚
1454 2179 1703 2235 itinerum
1718 2219 1736 2244 ,
1760 2171 1926 2234 forti-

243 2278 357 2333 ter,
400 2266 675 2333 atrociter,
713 2266 941 2344 graviter
965 2259 1234 2323 diciorum
1271 2258 1678 2344 fastorumque,
1721 2264 1925 2322 horum

244 2347 387 2426 nihil
422 2346 663 2410 videmus
700 2371 731 2407 a
765 2348 900 2409 Silio
938 2345 1379 2430 praetermiffum.
1465 2353 1608 2410 Nam
1644 2371 1703 2410 ea
1735 2353 1926 2409 omnia

246 2452 301 2494 et
323 2458 542 2495 carmen
565 2438 842 2496 heroicum
871 2433 1149 2507 decebant,
1191 2453 1248 2495 ut
1269 2459 1296 2495 a
1317 2440 1485 2519 poetis
1514 2433 1767 2506 summiS,
1808 2439 1926 2505 Ho-

245 2545 404 2583 mero
442 2527 688 2603 inprimis
712 2539 763 2582 et
787 2522 1041 2604 Virgilio,
1076 2520 1348 2604 usurpata,
1391 2539 1444 2582 et
1465 2540 1714 2583 ornatum
1757 2527 1923 2604 poeti-

245 2632 403 2680 cum,
452 2609 664 2692 qualem
699 2606 798 2668 fibi
833 2616 1024 2669 animo
1058 2608 1305 2678 finxerat,
1353 2607 1650 2670 commode
1684 2606 1926 2670 admitte-

246 2697 389 2756 bant.
445 2766 447 2769 ·
477 2693 580 2756 Sed
622 2702 679 2757 in
715 2701 928 2756 caeteris
963 2698 1141 2766 rebuS,
1180 2702 1235 2755 in
1263 2697 1447 2780 quibus
1471 2697 1556 2758 vel
1583 2701 1821 2757 maxime
1840 2699 1925 2756 hi-

243 2783 438 2844 ssoliae
462 2782 499 2842 Γ
504 2781 591 2843 des
624 2799 674 2843 et
702 2789 917 2853 veritas,
958 2783 1042 2843 vel
1081 2782 1345 2866 leriptoris
1383 2783 1620 2843 historici
1648 2782 1926 2845 dexteritas

244 2887 298 2930 et
321 2870 510 2951 religio
537 2866 794 2939 cernitur,
838 2872 1029 2931 Silium
1061 2892 1090 2928 a
1114 2873 1268 2931 Livio
1290 2867 1611 2951 discrepare,
1655 2887 1706 2930 et
1733 2887 1922 2952 poetae

243 2956 580 3058 potiffimum
621 2959 851 3038 partibus
887 2957 1158 3038 explendis
1198 2961 1461 3018 intentum
1499 2953 1655 3016 fuisse
1681 2955 1922 3019 animad-

242 3048 513 3128 vertimus,
602 3042 661 3104 ld
689 3067 797 3128 quo
819 3049 1103 3127 pertineat,
1148 3049 1326 3127 paucis
1353 3051 1698 3128 exbonamuS.

1832 3184 1848 3203 ι

371 3215 613 3283 Historia
646 3239 828 3277 omnis
864 3239 990 3277 cum
1028 3232 1328 3276 narratione
1350 3213 1552 3274 constet
1574 3235 1752 3274 femin
1776 3234 1861 3272 cel
1864 3228 1920 3276 (Ὀ

182 3307 184 3310 ’
243 3319 296 3365 et
331 3308 586 3366 continuo
619 3309 877 3387 temporis
912 3302 1131 3380 ordine,
1170 3299 1590 3388 cauffarumque
1600 3317 1737 3363 nexu
1760 3301 1921 3382 gesta-⁶

1777 3408 1923 3460 rum,
